2318 3788
500 131 719 196 ..98-

104 293 226 356 spaerae
256 276 410 356 formatas,
438 283 489 336 aut
511 283 594 336 certe
621 277 648 336 si
677 274 713 335 ad
741 290 885 354 praesens
908 292 970 335 non
998 273 1100 351 luerim,

104 363 279 444 simpliciter
292 364 329 425 ad
347 364 452 424 horam
470 363 507 425 de
526 363 593 424 lana
611 364 711 444 iacies,
729 365 819 426 etiam
833 371 865 424 et
879 381 973 426 unum
991 359 1099 442 quactila
1144 408 1146 413 .

104 460 208 528 tenue,
235 452 314 533 quod
343 451 528 513 stomachum
557 460 588 513 et
613 451 788 532 praecordia
819 451 909 513 simul
932 460 969 522 et¹
985 459 1101 513 venum

104 543 227 622 operiat.
268 541 321 602 sed
344 542 371 601 si
398 541 523 601 forsitan
546 549 578 602 at
603 543 702 620 ipsum
724 543 847 602 minime
871 542 1048 622 occurrerit,
1067 536 1101 598 di·

77 629 188 691 roaros
215 646 384 708 purpureos
416 628 575 708 diligenter
606 637 749 691 consutos
776 629 913 691 similiter
945 631 1041 692 iacies.
1078 629 1104 686 et

104 721 203 798 ipsum
231 716 330 778 oleum
358 717 478 797 dequo
506 719 607 780 loreas
630 718 771 779 conficies
794 720 846 779 sic.
884 719 1025 787 absinthii
1044 731 1102 797 pon·

104 808 157 866 tici
179 817 214 865 4
239 805 252 865 l
275 805 296 866 S
319 814 371 868 aut
399 808 426 867 si
453 806 579 868 multum
607 805 694 888 duas,
721 805 801 868 aloes
829 810 955 887 styracis
981 807 1103 868 masticet

105 895 246 955 omnium·
266 896 358 955 trium
385 894 436 956 sm
463 903 639 975 quaternos,
665 897 727 956 vini
753 897 863 956 veteris
891 904 923 958 et
949 896 1007 957 olei
1035 889 1103 976 spaul

106 1000 143 1043 ax
161 982 277 1062 aequali
294 982 382 1043 modo
401 990 546 1063 quantum
564 984 726 1045 suffecerit
763 1001 867 1045 omnes
886 986 1003 1064 species
1023 980 1103 1064 pridie

66 1086 92 1126 10
106 1071 220 1132 inlusus
243 1089 355 1151 coques
378 1071 458 1132 lento
480 1073 549 1151 igne
572 1073 604 1132 in
627 1070 736 1133 cacabo
755 1089 848 1133 aeneo
867 1080 1003 1153 stagnato
1025 1072 1104 1133 donec

106 1160 209 1220 vinum
241 1168 448 1240 consumatur,
479 1177 540 1220 non
571 1168 671 1221 tamen
698 1162 788 1221 nimis
813 1179 852 1222 ne
882 1160 982 1223 oleum
1011 1159 1104 1222 ardeat

106 1256 137 1310 et
162 1250 262 1328 ipsum
290 1248 390 1310 oleum
416 1247 563 1328 liquatum
589 1249 691 1309 mittes
722 1251 754 1309 in
786 1249 909 1330 gillone,
941 1259 972 1312 et
1003 1243 1105 1330 quando

32 1351 92 1392 aas
106 1354 211 1398 curare
225 1336 365 1418 uolueris,
382 1340 483 1417 ipsum
501 1338 599 1417 primo
617 1335 801 1398 laborantem
817 1340 925 1418 supino
946 1339 952 1415 Ι
972 1338 1105 1400 schemate

104 1425 257 1504 aequalem
277 1445 369 1506 super
386 1426 472 1487 laneo
489 1426 632 1486 stramine
650 1427 749 1486 iecere
772 1427 864 1487 iacies
882 1426 1023 1489 cruribus
1041 1439 1105 1488 con·

65 1527 91 1568 1a
105 1521 243 1593 potenter
266 1513 411 1595 collectis,
441 1523 513 1575 tunc
535 1513 710 1594 praecordia
733 1522 765 1575 et
787 1515 975 1576 stomachum
1000 1507 1106 1594 quactill

106 1603 237 1683 operies,
268 1609 300 1662 et
328 1605 373 1664 sic
399 1604 498 1682 ipstun
525 1601 664 1682 gillonem
697 1604 729 1663 in
762 1603 819 1664 olla
850 1603 979 1665 ferventi
1011 1599 1107 1665 calidae

105 1692 274 1752 summittes
301 1697 336 1751 ut
362 1689 462 1752 oleum
488 1691 602 1752 ferveat
623 1697 740 1752 tantum
763 1700 908 1772 quantum
935 1692 1046 1772 digitus
1066 1689 1106 1750 lro·

104 1780 194 1839 minis
217 1780 344 1839 sufferre
367 1781 513 1859 potuerit,
540 1787 570 1840 et
593 1781 637 1840 sic
664 1778 772 1842 blande
795 1780 982 1842 stomachum
1005 1778 1107 1842 embrtr

106 1865 195 1928 cabis.
237 1876 268 1928 et
295 1885 364 1928 curn
391 1886 428 1928 er
455 1875 540 1947 parte
568 1867 667 1929 oleum
696 1871 829 1948 tepuerit
858 1869 938 1948 quod
969 1864 1109 1930 stomacho

64 1970 90 2010 ²0
104 1955 260 2038 infuderis,
277 1954 395 2017 iubebis
414 1955 451 2016 de
471 1947 619 2017 embroois
636 1955 730 2017 laneis
747 1959 959 2037 suprascriptis
977 1955 1111 2020 ambobus

104 2045 249 2106 ministris
272 2062 309 2105 ex
331 2052 461 2123 unoque
488 2043 616 2106 laterum
638 2044 804 2108 astantibus
827 2045 967 2107 celeriter
989 2047 1067 2126 rapi,
1086 2043 1113 2101 et

103 2133 135 2192 in
158 2131 275 2212 singula
297 2149 366 2193 vasa
387 2131 498 2194 munda
521 2135 683 2213 exprimes,
712 2141 742 2195 et
768 2136 878 2195 iterum
905 2132 974 2214 plus
998 2133 1114 2197 calidius

176 2272 191 2320 1
221 2281 319 2337 sperae
347 2268 434 2337 (-rs)
460 2282 521 2336 pop.
628 2267 715 2324 fuerit
740 2284 799 2340 pop.
909 2274 925 2322 2
958 2268 1030 2325 lacis
1060 2278 1117 2340 999·

104 2353 241 2424 qunctils:
261 2354 406 2438 quelilem·
417 2356 564 2438 (tannem).
570 2371 602 2426 9,
625 2356 748 2441 queatila
766 2345 925 2484 (dctilspip
944 2357 1081 2427 quactille
1097 2365 1120 2407 0·

104 2424 211 2495 3quod
230 2427 278 2508 (pr)
293 2441 342 2509 epp
359 2443 408 2495 qur
421 2443 447 2496 9.
519 2432 648 2510 drpsum
661 2432 744 2483 etcum
760 2445 785 2499 9.
908 2428 983 2511 alos:
1002 2429 1122 2485 desbscfl

105 2513 131 2623 o
141 2496 510 2651 ostensurum,
529 2497 1123 2652 ,aspernamentum->31

105 2639 161 2694 71.
182 2636 208 2692 S.
229 2639 289 2707 (asc)
307 2655 366 2708 pcp.
453 2656 478 2692 ει
496 2639 595 2694 additu
613 2641 674 2708 (ant
691 2639 813 2694 mulium
830 2642 902 2711 9⁶2³)-
989 2643 1059 2698 dues
1075 2651 1124 2713 pet

103 2709 138 2763 Π.
152 2725 183 2779 p.
274 2708 357 2764 aloen
374 2725 406 2778 9,
425 2709 503 2764 aloes
522 2726 548 2778 e,
567 2709 630 2765 aloa
643 2727 675 2780 9.
761 2709 898 2767 Stiraoem
915 2729 947 2782 9,
966 2712 1080 2768 scirscis
1096 2723 1125 2770 σι

104 2782 196 2835 storec
206 2795 237 2849 9.
296 2779 414 2836 mastico
427 2797 455 2852 9,
471 2779 545 2835 -cis
558 2797 581 2851 c,
596 2783 684 2851 -ὂ9,
748 2781 906 2838 Somnium
920 2814 954 2824 -
969 2785 1124 2852 quaternos

102 2867 166 2976 ⁹33,
165 2855 249 2934 si.)
266 2850 322 2906 1111
334 2868 366 2921 r·
444 2854 512 2920 sorr
524 2867 555 2921 a.
574 2857 647 2936 soni)
665 2868 730 2936 c,
774 2852 859 2935 pruni
877 2855 938 2923 (so)
956 2870 1017 2924 scr·
1101 2855 1123 2955 ⁹.

103 2924 318 3064 {sattim
336 2926 655 3064 triumuir?
672 2939 703 2993 ⁹²
721 2939 870 3050 illine
887 2927 1122 3066 ruffilli&

103 3070 138 3118 14
160 3064 230 3120 fecis
252 3079 311 3135 pap.
421 3070 454 3120 15
474 3063 581 3171 quatilp
602 3079 633 3134 9,
657 3063 780 3134 qusclile
799 3080 823 3134 9
847 3065 1031 3134 (qualitatum
1048 3062 1120 3122 etsi

102 3176 150 3226 etc,
170 3172 203 3240 c).
278 3177 311 3226 lt
325 3169 478 3226 summittis
491 3185 517 3240 9,
532 3167 652 3244 sumitis
661 3175 705 3239 12⁰,
719 3169 860 3226 sumitsiis
874 3187 898 3228 c.
972 3178 1007 3227 20
1021 3170 1119 3229 ambos

101 3240 260 3299 ministros.
272 3284 278 3296 .
290 3283 296 3297 .
307 3242 450 3298 malentes
468 3257 491 3297 c.
563 3245 597 3295 21
618 3257 652 3295 ex
669 3242 789 3310 uosque
806 3241 970 3325 lulioramo,
988 3260 1023 3299 ex
1040 3243 1113 3298 utro·

102 3312 268 3456 culti
283 3315 496 3454 aliudue
509 3314 680 3449 fficiam
693 3317 748 3454 ff
766 3328 899 3383 ⁰¹¹'¹¹¹¹¹¹⁸
918 3329 979 3385 Μ·
1051 3313 1113 3383 ⁹¹⁰¹
