2318 3788
454 159 693 225 -181-

59 301 192 383 pellatur
215 303 351 365 similiter
373 320 529 384 appones
549 305 710 365 novissimo
733 322 805 365 vero
834 306 859 365 si
882 304 980 385 aliqua
1002 306 1080 367 forte

59 393 277 474 remanserint,
300 393 347 454 dia
366 393 497 473 thapsiae
521 394 599 454 sicut
621 394 653 454 in
675 392 845 455 ischiadicis
867 395 971 456 uteris.

341 552 466 613 LXXVI.
503 552 551 613 ld
574 551 803 633 hydropicos

151 676 207 738 Est
230 686 329 738 autem
357 676 520 757 hydropica
546 679 645 757 passio
673 677 792 739 diffusio
818 677 954 739 humoris
977 681 1081 759 aquosi

60 784 131 828 cum
163 764 317 827 inflatione
346 765 511 828 secundum
538 768 737 827 retentionem
765 767 889 846 spiritus
920 768 1015 828 isdem
1041 767 1108 827 lat

59 853 238 916 horantihus
277 854 389 916 allecta.
443 861 475 915 et
511 861 582 915 suut
620 854 777 916 distantiae
812 857 960 935 passionis
996 856 1082 936 duae,

60 961 190 1023 qurarum
219 960 279 1004 una
305 961 322 1003 a
349 942 501 1004 veteribus
527 945 636 1004 ascitas
664 945 848 1024 nominatur,
875 944 905 1005 id
933 952 980 1006 est
1007 947 1081 1005 utri·

61 1031 179 1115 culosa‚
211 1031 248 1092 ab
281 1033 375 1112 epatis
407 1031 454 1092 vel
486 1030 597 1111 splenis
630 1039 681 1092 aut
715 1032 860 1093 stomachi
891 1033 938 1093 vel
974 1051 1082 1093 renum

61 1122 205 1182 saxictate
230 1129 337 1181 creata.
374 1120 466 1182 altera
487 1138 557 1180 vero
581 1138 657 1199 quae
680 1123 859 1201 tympanites
882 1121 1082 1201 appellatura

59 1208 204 1290 pulmone
232 1211 391 1289 contingit,
420 1228 457 1270 ex
485 1227 544 1288 quo
571 1208 713 1288 pulmone
737 1208 793 1270 suh
815 1211 930 1288 ingenti
952 1212 1123 1270 ventosi-10

61 1305 123 1359 tate
143 1305 248 1358 venter
266 1297 387 1359 inflatus
406 1298 588 1380 ostenditur,
610 1299 651 1358 ita
669 1306 703 1358 ut
722 1316 791 1358 eum
812 1297 904 1359 luerit
921 1299 1081 1378 inspicien-

59 1388 101 1448 tis
128 1385 226 1466 palma
248 1385 402 1469 pulsatus,
427 1387 560 1466 tympani
583 1388 714 1448 sonitum
740 1386 842 1468 iaciat,
869 1386 948 1447 unde
972 1404 1082 1447 nomen

59 1482 96 1537 ut
115 1491 207 1555 supra
226 1474 286 1535 dixi
304 1477 403 1556 passio
422 1475 601 1555 tympanites
621 1476 744 1554 accepit.
782 1474 834 1535 sed
853 1473 933 1535 illam
955 1476 1082 1554 primam

60 1581 152 1644 mam
187 1565 300 1624 asciten
332 1563 461 1625 diximus
489 1561 563 1623 haec
591 1565 675 1643 signa
703 1571 856 1625 secuntur.
901 1565 1082 1626 insurrectio

59 1653 175 1714 ventris
199 1651 423 1732 superdistensa
446 1660 476 1713 et
501 1647 635 1732 <super>
657 1654 781 1732 inguina
804 1660 835 1713 et
861 1670 963 1734 crura,
987 1651 1082 1713 albida
1096 1664 1123 1706 15

61 1740 202 1802 elficittu.
245 1759 319 1820 quae
348 1741 461 1802 inllatio
489 1758 559 1802 cum
586 1739 687 1820 digitis
715 1741 807 1802 fuerit
834 1742 979 1820 impressa
1012 1759 1081 1801 con-

61 1830 197 1890 caritatis
226 1829 352 1890 formam
375 1828 519 1910 ostendit,
545 1829 626 1909 quod
649 1827 755 1889 Graeci
783 1831 935 1908 cntyposis
966 1835 1081 1889 vocant.

61 1927 181 1980 ceterae
212 1936 284 1979 vero
318 1919 523 1998 superpositae
559 1925 660 1997 partes
692 1918 786 1977 macie
819 1924 986 1977 attenuatae
1019 1917 1081 1977 elli·

60 2008 198 2087 aluntur,
225 2014 260 2066 ut
282 2005 389 2066 thorax
411 2015 518 2086 pectus
541 2004 671 2066 brachia.
714 2006 802 2066 etiam
826 2012 857 2065 et
877 2012 967 2084 potus
991 2007 1081 2066 nimia

60 2096 206 2176 appetitio
234 2097 371 2174 sequitur
399 2111 468 2156 cum
496 2095 664 2155 retentione
692 2092 842 2173 humoris,
874 2112 910 2154 ex
944 2111 1002 2173 qua
1033 2112 1080 2154 re·
1095 2109 1122 2150 ro

59 2185 196 2246 tentione
228 2183 338 2244 humor
373 2185 451 2244 intra
484 2183 578 2261 spatia
609 2183 722 2243 ventris
754 2181 889 2242 inclusus
927 2181 1082 2262 semipleni

136 2343 150 2390 1
171 2335 321 2392 novissime
341 2353 362 2392 c.
471 2333 567 2405 alique
585 2333 657 2390 forte
677 2352 703 2403 e,
724 2334 797 2390 forte
816 2335 912 2406 aliqua
924 2351 956 2405 p.
1065 2341 1082 2389 2

61 2407 161 2479 diapta
179 2408 242 2478 psia
260 2424 282 2462 c.
355 2405 479 2460 sciaticis
493 2422 528 2476 p,
548 2411 619 2461 -cir
637 2422 652 2461 e
669 2407 716 2474 (cs.
736 2422 757 2460 c.
774 2411 832 2474 52).
905 2413 922 2461 3
940 2406 985 2460 Λᾶ
997 2405 1081 2476 ydro-

58 2479 139 2549 pioos
159 2495 174 2533 c
191 2479 262 2544 (ind.
278 2480 328 2546 p),
353 2476 396 2532 De
413 2476 548 2548 ydropica
565 2475 697 2547 passione
710 2493 741 2547 p.
850 2482 867 2530 4
885 2477 1021 2546 ydropica
1039 2493 1081 2546 ep.

60 2549 209 2605 thisdem
227 2565 261 2619 cp
280 2550 327 2616 (ef.
348 2564 370 2604 c.
390 2551 448 2615 ⁷5).
553 2547 643 2602 uduo
657 2565 693 2618 p,
717 2547 752 2603 II.
771 2564 793 2603 c.
897 2551 1040 2603 tasortes
1058 2564 1082 2617 c,

61 2619 171 2697 cattas
184 2654 216 2708 p.
325 2637 478 2692 arficulosa
500 2652 522 2692 c.
632 2641 648 2690 9
670 2637 806 2691 sametata
825 2653 861 2706 p,
884 2635 1040 2691 sanxietate
1059 2651 1082 2693 a.

60 2699 299 2782 ti(y'c)mpanites
314 2724 355 2778 cp.
429 2713 462 2762 11
476 2708 587 2762 venmr:
605 2707 684 2762 venti
693 2724 725 2776 p,
743 2706 822 2762 tenui
837 2724 858 2762 e.
931 2707 1082 2777 inspicien-

61 2783 104 2839 tes
124 2795 139 2835 e
157 2785 184 2834 ct
197 2784 266 2862 ‘amm
283 2795 352 2835 corr.
367 2795 399 2848 p.
487 2784 520 2832 12
537 2778 659 2860 timpani
673 2794 718 2861 cp.
770 2849 776 2861 .
801 2776 1032 2862 sonitumufaciat
1045 2793 1081 2848 pr

62 2852 404 2990 masatitias
422 2849 1082 3003 tffidttattmiatt‘ilattttttlat

62 2992 175 3064 accepit
189 3009 211 3049 c.
277 2998 309 3046 13
324 2992 406 3047 illum
419 2993 541 3061 primum
555 3008 639 3061 quem
648 3008 679 3061 p.
745 2997 779 3055 34
794 2993 901 3046 asculen
910 3008 941 3061 p,
956 2992 1044 3046 asitos
1059 3008 1081 3046 c.

62 3065 219 3149 manantur
237 3079 278 3132 cp.
351 3062 581 3118 insurrectionem
600 3079 622 3117 e.
696 3067 729 3116 15
749 3079 832 3132 super
850 3062 976 3117 distensa
994 3065 1024 3116 et
1040 3062 1082 3116 in·

62 3152 182 3212 gutum
199 3135 296 3205 (-ni1)
314 3135 344 3189 et
362 3151 443 3189 crura
461 3133 558 3189 albida
576 3134 656 3202 (-de
676 3136 700 3204 c)
719 3133 878 3188 cfficiuntur
896 3150 938 3202 cp.
1047 3139 1080 3188 1t

62 3205 200 3278 antiposis
225 3222 251 3274 e,
275 3205 388 3275 euporo
401 3221 432 3274 p.
542 3209 576 3259 18
594 3204 696 3260 maciei
718 3204 857 3259 tenuitate
876 3203 1036 3260 afficiuntur
1049 3220 1081 3274 p.

64 3282 97 3333 ta
114 3279 150 3332 nt
168 3292 196 3331 c:
215 3279 244 3331 et
257 3293 288 3345 p.
361 3277 391 3331 et
407 3275 524 3331 brachia
534 3292 566 3346 p.
640 3275 726 3330 etiam
740 3291 827 3332 om.-c.
901 3281 935 3329 20
955 3291 988 3330 ex
1007 3291 1081 3344 aqua

61 3348 184 3404 redacte
201 3347 294 3403 fumor
309 3345 364 3402 t'ra
383 3363 470 3418 spana
487 3349 595 3402 vetram
613 3346 711 3416 pulsus
730 3365 752 3401 s.
765 3364 794 3401 y.
807 3361 840 3415 cy
855 3346 912 3413 nui
925 3345 1099 3396 estentona

61 3418 139 3476 intra
157 3417 252 3490 spatia
268 3419 373 3474 venais
389 3418 515 3474 inclusus
535 3436 556 3474 s.
574 3436 604 3476 y.
621 3435 652 3491 p.
