2318 3788
502 167 742 231 -114-

112 315 233 394 lapathii
262 315 398 394 seminis,
425 312 525 374 nuclei
548 300 656 375 leviter
679 312 846 393 torrefacti,
875 314 970 393 croci,
996 311 1098 373 omniun

112 403 136 462 V
159 403 179 471 3
202 404 269 485 llll,
298 402 463 483 amygdalas
493 402 596 464 dulces
620 403 803 463 descamatas
827 410 857 462 et
880 401 1022 462 avellanas
1041 397 1098 460 sini·

112 493 180 554 liter
207 500 347 572 purgatas
375 510 501 552 numero
530 491 634 571 denas,
661 490 772 553 herbae
796 490 937 571 lysalidos
961 508 1041 570 quam
1059 487 1099 547 llo·

112 585 190 643 mani
214 583 387 642 vesicariam
412 580 573 663 appellant,
595 582 739 641 interiora
758 598 849 660 grana
870 597 996 641 numero
1013 570 1100 638 xxxv.

84 680 250 732 acouteres
279 672 377 730 omnia
406 678 436 730 et
463 670 579 731 adiecto
607 687 695 749 passo
729 671 911 750 competenti
941 668 1030 730 veluti
1051 680 1100 726 con·

111 761 266 838 sparsione
293 761 325 819 in
348 777 444 820 ornum
467 758 598 840 rediges,
626 766 657 819 et
680 759 786 820 exinde
813 760 924 820 ieiunis
952 757 988 818 dr
1009 757 1021 817 l
1041 752 1102 815 dabis

110 866 169 908 non
193 846 391 909 febrientibus
415 865 483 909 oum
506 865 593 927 passo
617 848 779 931 tepefacto,
806 846 1005 910 febrientibus
1027 852 1101 906 auten

110 955 178 997 cum
202 955 277 1015 aqua
301 937 402 998 calida.

199 1026 277 1086 aliud
320 1027 473 1088 nelreticis
515 1033 546 1086 et
587 1025 743 1087 calculosis
785 1027 966 1086 conveniens
1009 1024 1037 1085 id
1069 1023 1103 1080 cst

70 1132 95 1172 ιο
109 1113 246 1175 Bestiane
271 1115 436 1176 antidotum
459 1117 569 1176 ieiunis
592 1113 694 1176 datum
717 1114 888 1195 lapidesin
910 1113 1032 1176 renibus
1052 1125 1101 1172 aon·

109 1203 212 1282 iringit
235 1211 266 1264 et
289 1206 406 1265 urinam
428 1212 578 1284 provocat.

198 1293 276 1354 aliud
306 1293 341 1353 ad
369 1311 476 1354 renum
509 1293 650 1354 dolorem.
698 1295 779 1353 erira
807 1294 1051 1355 medicamentum
1071 1288 1103 1347 ln·

109 1381 203 1441 larius
227 1385 373 1462 scriptum
396 1385 427 1443 in
452 1382 530 1442 aluta
553 1382 709 1443 inductum
728 1399 880 1464 appones,
902 1392 933 1443 et
958 1379 1072 1442 sanabis.

181 1577 194 1623 1
218 1570 312 1624 nuclei
330 1586 377 1639 cp:
402 1570 436 1637 cf.
460 1572 539 1627 Alex.
562 1571 725 1626 nucleorum
748 1569 810 1640 pini
831 1565 1066 1644 prefrigereorum
1084 1559 1105 1629 (l.

108 1639 309 1710 petrigmenon.
347 1642 381 1708 cf.
401 1641 498 1696 Simon
511 1658 532 1699 s.
547 1642 787 1712 prefrigmenum).
868 1644 971 1701 leviter
985 1661 1019 1713 p:
1036 1647 1104 1712 om}

109 1715 142 1768 cc
165 1711 259 1781 (croci)
276 1729 311 1781 p:
330 1728 380 1768 om.
400 1729 421 1766 c.
505 1720 584 1768 tan.
603 1719 629 1777 3.
648 1713 709 1767 ΠΠ.
723 1730 754 1782 p.
833 1716 863 1770 et
880 1732 931 1771 om.
946 1733 977 1785 p.
1047 1709 1105 1765 sim·

33 1853 35 1856 g
107 1786 173 1839 liter
191 1799 241 1837 om.
256 1800 287 1852 p.
378 1790 394 1837 3
413 1801 529 1838 numero
549 1785 648 1839 denas:
672 1789 716 1838 ari.
735 1785 769 1839 X.
784 1802 820 1855 p,
839 1802 890 1844 ouo.
910 1805 940 1854 c,
959 1787 1008 1857 qui
1025 1801 1042 1839 o
1057 1789 1106 1852 por·

107 1857 188 1937 gatos
212 1855 314 1909 transit
337 1855 375 1909 od
397 1870 421 1908 o.
441 1859 458 1909 4
481 1861 545 1910 nuo.
569 1861 612 1910 35.
718 1855 821 1911 herbas
840 1857 970 1913 sisalidos
985 1901 991 1913 .
1007 1898 1013 1911 .
1028 1853 1108 1911 ΜΘ·

107 1942 213 1982 canam
233 1942 263 1994 p.
295 1925 331 1993 cf.
354 1924 458 1982 Simon.
481 1925 548 1980 Jau.
575 1941 595 1979 s.
620 1924 744 1978 fisalidos
769 1943 802 1980 eac
824 1928 904 1983 Alex.
927 1930 975 1983 lat.
992 1928 1031 1983 ed.
1050 1923 1108 1986 ΡΨ·

105 1999 127 2066 f.
146 1997 229 2052 1011’:
248 1996 403 2066 phisolidos
421 2013 507 2067 quam
529 1995 821 2065 latini·veaicaginem
838 2001 951 2054 vocant.
1041 2001 1111 2066 ηιξ·

106 2086 183 2124 mero
202 2085 252 2123 om.
267 2085 299 2137 p.
390 2068 514 2123 oveluti
533 2098 565 2108 -
584 2066 696 2136 rediges
716 2083 742 2122 c:
767 2067 878 2138 colligis
891 2087 922 2138 p.
1015 2063 1113 2123 aieiun
1147 2074 1149 2129 ξ

107 2143 140 2198 di
159 2142 178 2195 Ι.
200 2139 280 2194 dabis
299 2156 325 2194 c:
344 2139 445 2194 ieiunis
464 2138 544 2193 dabis
562 2145 587 2201 5.
608 2138 628 2192 Ι.
644 2155 675 2207 p.
756 2144 772 2192 9
791 2139 878 2194 Aliud
896 2138 1074 2195 neufreticie.
1089 2165 1113 2184 ··

106 2213 123 2266 i.
150 2210 255 2266 bestrae
282 2228 307 2265 c:
334 2227 384 2265 om.
404 2228 435 2281 p.
472 2211 553 2264 Aetio
573 2209 616 2277 X,
636 2214 654 2264 6
673 2225 703 2279 p.
724 2213 780 2264 630
802 2226 836 2265 ecc
858 2213 972 2266 cuinam
994 2207 1116 2266 motum

106 2284 239 2340 antidotis
252 2287 408 2336 memorata.
437 2282 471 2349 cf.
487 2282 569 2336 etiam
583 2281 641 2335 cod.
653 2280 746 2335 Poris.
759 2297 823 2350 app.
834 2283 855 2348 f.
866 2286 927 2338 86⁸.
958 2280 1118 2337 Antidotum1

106 2353 233 2410 boetiano
261 2353 436 2423 appellatum
464 2352 641 2422 confringens
664 2355 693 2406 et
715 2351 745 2405 in
767 2352 881 2408 renibus
908 2353 1040 2408 oaucolm
1064 2348 1119 2419 siv?

106 2425 215 2497 lapides
239 2440 310 2492 quos
334 2424 410 2494 greci
432 2423 500 2478 litos
524 2422 678 2492 appellant.
716 2424 848 2478 convenit
865 2424 988 2479 maxime
1013 2421 1056 2477 his
1072 2424 1119 2490 qul

106 2515 139 2552 cx
158 2495 319 2551 obtussione
338 2495 517 2550 caucolorum
536 2493 687 2549 dissuriam
704 2493 851 2563 patiuntur
868 2495 886 2551 i.
906 2495 987 2550 utine
1006 2483 1118 2550 difficul-

104 2571 201 2624 tatem.
231 2566 301 2622 facit
319 2565 402 2620 etad
420 2565 478 2620 alia
496 2566 594 2621 multo.
632 2564 745 2634 Recipit
763 2565 915 2622 cinamomi
934 2572 984 2622 etc.
1055 2565 1119 2617 12⁰

104 2631 588 2778 {trucemtrucem
610 2629 1120 2778 dlillilllnllttlttlf

104 2783 211 2852 pellata
234 2781 264 2836 et
288 2780 350 2848 (est)
379 2778 561 2834 desiccatorie
583 2778 698 2833 virtutis
716 2779 751 2833 ad
773 2781 868 2835 omnia
917 2796 982 2836 cera
1000 2781 1029 2834 et
1045 2775 1117 2832 sinus

104 2854 249 2908 universos
264 2849 441 2920 conglutinat
455 2852 484 2906 et
496 2851 641 2906 fracturas.
670 2849 788 2920 inunges
805 2854 834 2905 et
848 2851 975 2907 arteticia
994 2852 1023 2906 et
1035 2843 1115 2918 podo·

104 2925 197 2995 gricis.
230 2921 379 2978 nefretiois.
408 2921 577 2991 spleneticis.
612 2923 642 2976 et
660 2921 777 2977 duritias
795 2921 889 2978 mollit
906 2921 1070 2978 mirabiliter
1085 2907 1114 2966 el

104 2997 292 3053 callositatem
311 2994 434 3049 atenuat.
469 2994 498 3049 et
516 2995 558 3048 est
572 2992 609 3048 sd
623 2991 718 3048 omnia
736 2992 918 3048 utilissimum
936 2993 1112 3049 meditamur

102 3071 171 3123 tum.
206 3064 319 3136 Recipit
338 3081 399 3120 cere
418 3068 465 3119 etc.
