2318 3788
474 178 714 244 -182-

87 325 210 388 utriculi
228 325 452 387 similitudinem
470 322 609 385 ostendit.
641 323 720 384 unde
736 341 848 384 nomen
866 325 993 403 proprie
1013 326 1114 404 passio

88 418 210 496 ascites,
233 423 267 476 ut
286 414 359 494 dixi,
382 415 504 492 accepit.
542 414 726 492 tympaniten
744 411 913 491 hydropem
933 411 1010 474 hacc
1029 415 1116 493 signa

88 512 240 565 secuntur.
281 504 461 563 insurrectio
489 503 601 562 ventris
629 509 659 562 et
686 501 845 577 distensio,
861 501 1116 580 praecordiorum

89 601 120 653 et
137 610 280 652 venarum
299 589 472 651 subtractio.
509 597 539 651 et
561 593 625 669 ipse
650 607 666 649 a
689 607 780 669 supra
804 588 894 650 dictis
918 592 1023 652 minus
1043 593 1114 652 sitit

61 680 246 759 antiquando
266 681 355 740 etiam
373 681 527 759 peiorante
545 681 683 758 passione
707 680 784 739 tussi
803 680 1006 757 exagitantur.
1045 698 1116 740 nam

88 768 268 848 generaliter
286 767 526 847 Hippocrates
549 765 687 827 omnibus
710 766 899 849 hydropicis,
921 767 992 846 plus
1013 775 1115 829 autem

88 875 105 916 a
127 856 267 935 pulmone
294 855 490 937 patientibus,
517 857 549 916 in
577 856 725 916 alorismis
753 857 797 916 sic
825 857 881 917 ait:
912 856 1116 936 hydropicum

88 947 115 1005 si
137 946 229 1005 tussis
250 943 422 1020 obtinuerit,
444 944 501 1005 boc
521 950 567 1005 est
584 945 785 1024 exagitaverit,
809 945 876 1004 sine
896 963 951 1024 spe
972 946 1115 1007 efficitur.

88 1034 200 1093 etenim
240 1035 348 1113 tussis,
389 1032 553 1094 secundum
599 1033 816 1111 expositionem
856 1033 978 1112 Magni
1023 1036 1115 1095 iatro-

52 1136 74 1175 10
89 1121 221 1202 sofistae,
247 1123 273 1182 si
295 1121 491 1200 hydropicum
509 1127 543 1180 ut
561 1138 652 1200 supra
670 1119 733 1180 dixi
752 1122 958 1200 exagitaverit,
980 1141 1115 1202 aquosus

88 1211 185 1272 omnis
216 1209 325 1270 humor
357 1209 541 1289 dissolvitur,
577 1217 612 1269 ut
646 1226 702 1288 per
735 1226 823 1270 omne
857 1227 971 1290 corpus
1005 1212 1114 1273 effusio

88 1298 244 1360 efficiatur.

177 1386 215 1447 ob
239 1386 421 1466 diligentiam
443 1404 514 1447 vero
537 1386 700 1446 curationis
724 1385 958 1467 chamaedryos,
981 1405 1115 1469 asarum,

88 1473 230 1535 elelisfaci
249 1493 352 1536 semen
374 1475 470 1536 idest
492 1472 601 1534 herbae
620 1473 742 1554 salviae,
765 1474 854 1536 dauci
876 1478 985 1537 cretici
1009 1495 1114 1538 semen

52 1576 74 1618 rs
87 1562 118 1622 id
147 1570 193 1623 est
219 1566 386 1641 pastinacae
415 1563 579 1640 hortensis,
605 1561 783 1641 petroselini
806 1564 1010 1646 macedonici,
1038 1567 1113 1626 feui-

88 1649 149 1711 culi
176 1651 319 1732 radicem,
351 1652 493 1730 graminis
519 1649 665 1733 radicem,
691 1649 765 1712 baec
794 1659 826 1712 et
854 1653 1052 1732 singulariter
1084 1660 1113 1714 et

88 1739 177 1802 simul
209 1741 241 1799 in
274 1757 334 1800 uuo
362 1739 511 1818 decoques
538 1740 570 1799 in
600 1757 677 1818 aqua
709 1747 739 1800 et
771 1741 867 1818 ipsam
900 1741 1113 1804 decoctionem

87 1845 173 1888 mane
202 1834 233 1888 et
260 1826 297 1889 ad
320 1834 440 1891 noctem
465 1829 550 1906 potui
578 1826 670 1889 dabis.
708 1835 739 1888 et
764 1827 904 1890 excludet
927 1830 976 1890 vel
999 1833 1113 1891 inaniet

109 2072 114 2078 .
160 2033 308 2087 lutriculi
321 2039 369 2102 μοι
389 2031 537 2088 ventriculi
551 2048 584 2100 ep
597 2031 645 2098 (ef.
662 2031 690 2088 O.
705 2033 742 2089 A.
751 2049 784 2102 p.
799 2037 873 2102 471).
948 2035 1067 2104 proprie
1076 2052 1111 2104 p:

86 2103 232 2172 proprium
251 2121 273 2158 c·
346 2109 362 2158 2
382 2103 482 2160 meites
491 2120 525 2172 p:
545 2103 651 2171 absque
669 2105 799 2159 tenentes
814 2120 836 2160 c.
911 2104 974 2160 dixi
992 2122 1020 2160 e:
1041 2106 1111 2161 dixi-

87 2191 150 2228 mus
163 2191 194 2243 p.
286 2174 426 2244 Typanite
444 2174 542 2243 idrope
562 2189 588 2239 c,
614 2173 765 2243 timpanite
784 2174 955 2245 ydropicum
969 2193 1002 2246 p.
1095 2182 1110 2230 3

87 2249 220 2298 secuntur
239 2261 263 2299 e:
283 2247 436 2314 sequuntur
448 2261 479 2313 p.
552 2244 613 2297 tet
626 2251 730 2299 venant
748 2245 955 2315 subtractione,
974 2264 1112 2303 venarum

88 2315 223 2370 surrectio
236 2332 268 2384 p.
341 2333 358 2370 a
377 2333 397 2370 s.
417 2333 444 2370 c:
463 2313 500 2382 ad
521 2314 673 2383 snprudc‘os
687 2331 718 2384 p,
810 2321 827 2370 5
847 2319 919 2372 tussi
932 2335 970 2387 p:
989 2321 1071 2373 tussa
1088 2335 1109 2372 c.

87 2387 162 2441 Nam
180 2388 330 2455 ypocrates
348 2405 375 2456 g.
389 2403 425 2455 p,
444 2386 487 2440 Nc
503 2402 532 2454 g.
549 2391 621 2454 ypoc
640 2403 662 2440 c.
754 2385 834 2456 epit
853 2394 890 2443 air
910 2406 928 2443 n
946 2389 1067 2458 pulmo-e
1085 2405 1111 2444 e:

86 2458 163 2569 pls}
176 2493 338 2562 pulmonem
352 2509 383 2561 p.
465 2497 480 2544 7
499 2488 666 2572 amforismis
686 2508 712 2559 e,
731 2494 892 2564 aphorisp
913 2493 1018 2566 (Hipp.
1039 2496 1111 2559 HI,

87 2569 154 2621 762.
183 2565 218 2632 ef.
234 2567 289 2618 754
307 2563 406 2633 Ligus).
496 2561 662 2630 ydropmum
681 2579 707 2631 c,
731 2567 782 2618 -ὄ
797 2581 820 2634 p
837 2567 882 2630 (io
901 2583 991 2636 marg.
1032 2563 1111 2620 ο11.

86 2636 212 2707 yd⁰p1i1).
303 2640 319 2688 8
339 2634 364 2688 si
381 2637 402 2687 t.
421 2632 636 2701 exagrauauerit
653 2627 673 2686 d
693 2634 722 2687 et
740 2636 805 2704 (sic)
820 2639 825 2704 l
841 2636 977 2692 obtinuei
996 2583 1109 2708 (ἴπέχῃ)

87 2708 148 2763 siue
166 2724 216 2778 spe
235 2721 262 2771 c,
281 2705 304 2758 si
321 2707 342 2762 t.
362 2703 548 2774 exagitaverit
566 2707 608 2757 sm
627 2709 677 2772 spe
691 2721 723 2772 p.
828 2712 844 2760 9
864 2709 966 2778 magni
982 2706 1109 2779 hyatrol

86 2797 160 2852 eisce
183 2813 210 2862 o,
239 2797 305 2864 mag
332 2795 412 2862 (corr.
436 2776 513 2862 mag)
538 2790 586 2845 hia
601 2791 607 2859 l
622 2792 711 2847 t⁰fiste
739 2793 758 2850 i.
786 2793 924 2864 sapientis
954 2796 1063 2852 medici
1082 2813 1110 2865 p.

88 2873 122 2922 10
142 2867 199 2922 dixi
217 2865 302 2920 tussis
319 2866 376 2932 (it.)
393 2880 436 2918 ex.
510 2868 543 2915 11
559 2878 658 2931 corpus
676 2865 766 2918 omnis
784 2865 887 2920 humor
905 2866 1111 2932 dissoluiturc,

88 2938 185 2993 Omnis
203 2939 305 2992 humor
323 2951 445 3004 aquosus
463 2933 569 2987 disolffr
583 2950 614 3002 p.
693 2940 726 2988 13
745 2951 883 2991 veroum.
903 2953 926 2991 c.
1018 2954 1108 2994 came

86 3010 168 3065 dreos
187 3026 298 3064 asarum
312 3008 376 3074 (aie)
389 3022 423 3075 cp
441 3006 508 3074 (scil.
529 3005 613 3058 obem
632 3020 730 3073 annau,
750 3007 994 3078 mutitudinem).
1078 3013 1110 3063 14

87 3079 221 3151 eliliefugi
235 3097 270 3149 p,
289 3077 364 3132 alilis
381 3075 440 3132 faci
458 3091 480 3131 c.
570 3091 665 3156 semen
679 3092 715 3144 p,
734 3077 848 3132 seminis
867 3094 889 3132 c.
983 3081 1004 3139 i.
1023 3080 1111 3136 herbo

88 3152 177 3206 salvie
191 3169 212 3221 c,
232 3151 250 3206 i.
269 3149 357 3204 salvie
372 3155 402 3218 p.
477 3152 510 3200 16
525 3145 618 3200 radice
637 3162 660 3215 c,
678 3147 736 3202 red'
752 3164 783 3218 p.
857 3156 966 3218 minis
985 3151 1066 3207 rudit
1085 3167 1109 3206 c:

87 3238 184 3291 orep.
257 3213 614 3287 haecetzlip,v(ct)c.
688 3219 1110 3291 lituinoeootao,iuuno

87 3293 206 3347 decoctu
219 3309 250 3362 p.
336 3289 378 3344 i’n
396 3289 549 3344 decoctffie
567 3305 593 3354 c,
614 3286 677 3357 ipse
695 3289 812 3344 decocto
827 3308 859 3360 p.
953 3298 987 3348 18
1007 3292 1071 3348 dari
1088 3309 1111 3358 c,

87 3363 132 3418 da.
151 3366 215 3431 (cic)
230 3379 289 3432 ps
334 3364 363 3416 et
376 3377 412 3430 p:
430 3376 481 3416 om.
500 3376 522 3415 c.
594 3358 716 3413 excludit
729 3376 771 3428 ep.
844 3361 969 3419 inaniet:
991 3363 1110 3419 fremat

87 3450 114 3500 c,
133 3439 207 3489 iniat
216 3451 243 3503 p
263 3434 310 3503 (1²⁰
327 3433 359 3486 io
377 3447 462 3503 marg.
481 3431 591 3500 laniat).
