2318 3788
459 157 677 219 ..59-

22 341 28 348 -
97 297 199 360 similiter
221 301 290 361 tacit
309 299 500 379 singulariter·
519 310 549 361 et
572 303 618 360 ovi
638 301 799 363 columbini
818 301 917 362 album
936 311 966 363 et
984 311 1074 364 tenne

10 398 28 436 c
97 386 209 449 haulis
229 388 372 450 inlusum.

158 477 304 557 collyrium
312 479 608 557 superinunctonium
620 479 698 556 quod
710 479 815 541 Graeci
829 479 1076 559 yponenchniston

10 572 22 615 e
96 574 177 626 nocam.
209 567 278 627 facit
297 565 334 626 ad
353 566 480 646 hypopia
498 568 528 628 id
548 575 594 627 est
616 567 724 628 livores
746 568 963 648 palpebrarum.
984 568 989 643 Ι
1011 567 1065 645 [ci-
1085 583 1139 653 ono

10 660 19 703 t
95 659 155 713 onae
173 654 279 715 herbae
302 657 368 715 suci
391 654 429 715 di
451 654 510 734 Vll,
533 658 649 716 acaciae
673 655 710 716 di
728 656 773 737 vt,
797 660 879 717 cneci
902 655 939 717 di
956 657 992 738 11,
1015 647 1139 739 ab-„gss'ffi

10 755 17 792 s
93 738 167 802 cinthii
186 746 249 804 suci
272 751 303 804 et
325 761 445 804 munnae
469 742 505 804 di·
528 745 672 824 singulae,
700 747 761 825 opii
784 747 872 824 send).
896 745 936 827 ΙΙ,
965 748 1076 806 cummi

10 874 13 879 Α
92 823 119 883 tl?
134 827 188 912 1111,
210 851 303 911 aquae
327 833 407 911 quod
431 834 591 894 suffecerit.

172 990 257 1052 XXX
295 991 344 1052 Ad
368 992 505 1052 fluxum
529 995 717 1072 sanguinis
741 1012 782 1054 ex
805 993 963 1055 naribus.

154 1113 307 1195 Sanguinis
334 1134 405 1184 veno
438 1117 515 1177 llum
546 1136 634 1197 parva
672 1117 869 1178 destillatione
901 1137 956 1197 pen
988 1137 1075 1178 nares

138 1308 240 1376 tnmgi
256 1322 275 1375 9
294 1303 488 1376 (singulariter
507 1307 558 1374 cp).
650 1305 761 1360 columb
780 1322 797 1374 g
817 1305 922 1371 (-bini
937 1322 972 1373 p,
1000 1305 1076 1359 -bi·

83 1373 139 1428 narii
154 1379 183 1444 c).
291 1382 308 1429 2
328 1376 418 1430 oeulis
436 1392 495 1445 gap.
604 1383 620 1431 3
640 1377 854 1446 superinunchoi
875 1392 908 1446 qo
931 1376 1075 1445 (-rin'1p).

82 1450 122 1510 qne
136 1450 177 1517 9(
213 1450 265 1516 cp).
348 1463 433 1516 ypere
447 1449 572 1501 christon
584 1464 611 1516 9,
630 1449 759 1516 hypereli
769 1449 908 1517 mariscen
922 1450 985 1516 οφ).
1059 1453 1076 1501 4

79 1511 112 1570 fni
126 1534 155 1586 oc
172 1465 287 1588 &aciens
300 1519 342 1587 p).
434 1517 531 1588 ipopia
548 1535 585 1588 gp
605 1518 664 1588 (iffi,
682 1521 714 1587 o).
807 1519 852 1574 hic
869 1520 969 1586 finitur
987 1523 1077 1573 tectus

76 1586 189 1658 unumque
207 1590 298 1659 qualis
319 1605 372 1656 pen·
389 1603 416 1642 ac
435 1590 499 1642 olim
517 1589 573 1655 fuit
592 1590 693 1644 codicis
712 1589 900 1659 Sangalleuaa'e
919 1592 960 1658 (9)
978 1591 1077 1656 solium

73 1658 184 1714 ultimum
208 1662 240 1714 iu
258 1661 359 1714 ultima
373 1674 440 1728 paq.
459 1659 544 1727 (208)
561 1676 616 1714 usu
634 1661 777 1727 detritum,
799 1677 887 1716 vacuo
910 1661 1017 1729 quidem
1035 1677 1077 1714 re-

71 1728 125 1785 licto
148 1746 204 1786 arou
225 1731 284 1785 nisi
306 1731 392 1784 trium
418 1731 504 1784 nucius
532 1731 644 1785 ultimae
672 1733 760 1786 lineae
787 1737 951 1800 quartarum
977 1732 1075 1799 spatio

68 1807 208 1870 oequmuur
224 1803 281 1856 duo
299 1802 372 1868 folio
390 1804 599 1869 (nam-12)
616 1803 720 1868 formae
734 1805 822 1870 paulo
836 1804 950 1857 maionis
964 1804 999 1855 ab
1016 1803 1076 1869 ipso

67 1871 151 1927 Ooasc‘c'
167 1873 258 1927 codice
275 1888 333 1926 unu
351 1873 443 1926 minus
462 1872 555 1926 alicua
574 1889 656 1940 quam
674 1874 723 1942 qui
741 1879 804 1927 aute
824 1873 950 1928 Gessium
963 1875 996 1937 (s.
1014 1873 1077 1938 XI)

63 1959 133 1998 uano
154 1944 268 1998 habetur
293 1947 449 2011 compactae
473 1941 615 2010 Sulpicius
640 1943 754 1997 Severus
778 1950 802 1997 et
824 1945 916 2010 forma
942 1947 967 1995 et
990 1947 1077 1996 aetate

61 2016 147 2069 maior
163 2017 197 2080 (a
216 2013 289 2081 IX).
322 2018 387 2081 pont
408 2013 608 2082 palpebrarum
631 2020 783 2083 sectarentur
805 2015 837 2067 iu
857 2013 1077 2081 Cantabrioiosno

59 2101 127 2154 quac
154 2101 174 2139 a
196 2083 292 2141 Gnosio
315 2085 444 2138 videatur
466 2085 560 2139 alieno
587 2100 641 2138 ense
669 2087 728 2139 ciac
750 2085 1074 2152 interpunctione-hacc:

58 2156 148 2210 eieuce
163 2199 169 2211 .
186 2197 192 2211 .
208 2197 215 2210 .
229 2154 333 2210 suflicit
352 2156 420 2222 (huc
432 2171 517 2222 usque
530 2156 612 2209 etiam
629 2157 662 2208 iac
680 2156 830 2221 Parisino).
868 2155 912 2208 Ad
932 2155 1077 2209 oculorum

57 2226 231 2298 sangninem.
277 2243 373 2280 sucum
397 2227 459 2279 rute
484 2225 580 2280 cimini
607 2226 752 2295 pulverem
780 2227 913 2280 albumen
937 2226 983 2280 ovi
1006 2229 1077 2280 bem·

56 2315 125 2367 pera
153 2301 183 2352 eb
204 2313 362 2366 superpone
386 2295 422 2350 ad
445 2296 522 2350 idem
544 2297 682 2352 masticen
705 2297 849 2367 fenugreei
867 2313 929 2351 rose
948 2295 1020 2351 sicce
1039 2297 1077 2351 ci-

56 2387 165 2424 marum
188 2367 252 2422 rubi
279 2366 338 2421 licii
361 2367 473 2436 aqualia
500 2367 627 2436 pondera
654 2367 824 2438 distemperet
854 2385 917 2421 cum
945 2385 1020 2437 aqua
1042 2368 1077 2421 de

54 2456 121 2495 rosa
146 2439 193 2494 lac
215 2438 409 2508 magdaliones
434 2441 464 2492 εὴ
482 2437 556 2493 sicca
575 2439 626 2492 sub
649 2439 750 2494 umbra
772 2441 871 2508 postea
895 2441 955 2492 tere
979 2438 1078 2508 elipe

54 2509 174 2580 (ipopia)
193 2527 258 2564 cum
276 2509 391 2578 pulvere
410 2509 491 2578 pel'e.
534 2510 639 2564 Iterum
658 2510 747 2580 guttis
767 2526 848 2564 cerne
866 2511 994 2577 tempera
1013 2525 1078 2562 cnm

53 2582 139 2636 melle
169 2582 199 2636 et
227 2581 288 2635 oleo
317 2582 347 2634 εὴ
376 2596 539 2649 superpone.
581 2581 626 2635 Ad
654 2581 799 2635 oculorum
827 2579 945 2634 maculis
971 2581 1077 2633 stercus

55 2651 132 2708 corvi
156 2653 209 2706 aut
235 2651 274 2706 iel
301 2650 420 2705 miscum
448 2668 511 2705 cum
538 2652 622 2706 melle
647 2653 677 2705 εὴ
699 2652 758 2705 sine
781 2652 858 2705 fumo
882 2651 911 2704 eb
934 2650 964 2703 in
989 2649 1076 2703 oculis

54 2723 265 2794 superpositum
284 2721 410 2776 maculas
430 2721 512 2776 citius
532 2727 621 2778 sanat.
657 2723 703 2776 Ad
721 2723 818 2777 oculos
841 2721 888 2790 qui
906 2737 963 2775 non
980 2720 1078 2774 vident

52 2811 148 2881 pullos
166 2809 334 2881 hyrundinis
353 2825 417 2865 oum
431 2826 484 2863 acu
498 2809 607 2879 ciprina
624 2793 728 2879 (ctrina)
741 2811 770 2864 in
784 2810 883 2864 nidum
898 2808 954 2863 suis
968 2808 1077 2863 necabis

54 2881 238 2952 signabisque
263 2897 310 2936 eos
333 2883 366 2935 ub
390 2896 539 2950 cognoscas
558 2884 586 2934 et
609 2886 675 2950 post
700 2886 821 2951 quatuor
839 2881 900 2935 dies
919 2897 982 2934 cum
1000 2880 1077 2934 vide-

52 2952 111 3009 rint
126 2955 131 3023 Ι
148 2952 181 3021 (f.
197 2954 244 3022 71)
267 2951 395 3023 procidas
414 2967 510 3006 eorum
528 2952 623 3022 capito
641 2969 704 3006 cum
727 2953 773 3006 fici
796 2951 911 3007 cultello
934 2967 1019 3019 quem
1036 2967 1077 3004 re·

51 3041 141 3094 pones
165 3023 196 3078 in
222 3024 277 3077 ficu
302 3022 396 3092 capita
419 3039 485 3077 vero
508 3022 614 3077 incedis
639 3025 668 3077 et
689 3025 805 3093 pulvere
828 3022 903 3077 facto
933 3022 963 3075 in
991 3021 1078 3076 oculis

52 3095 177 3150 stillabis
201 3095 329 3164 protinus
347 3092 438 3148 visum
465 3091 597 3149 restituit.
634 3093 704 3164 (ch.
723 3112 783 3165 cap.
803 3099 861 3163 30.)
969 3098 1040 3147 5εὴ
1055 3109 1079 3159 c,

53 3178 86 3244 ὃὸ
105 3185 136 3253 (i.
156 3200 178 3238 e.
201 3200 264 3239 cere
277 3200 332 3253 pro
351 3175 383 3238 ὃὸ
403 3207 438 3228 --·
456 3182 542 3252 croci)
560 3198 591 3250 p.
665 3184 770 3239 dmire
797 3200 837 3252 cp.
911 3185 954 3237 ad.
974 3186 991 3244 5
1010 3181 1030 3238 Ι.
1045 3199 1077 3250 p.

53 3273 115 3344 opii
139 3264 164 3362 Ξ.
184 3272 197 3324 Ι
215 3273 319 3341 (simp.
393 3271 490 3326 cimini
499 3289 530 3339 p,
550 3269 617 3324 cnffin
631 3286 653 3326 c.
728 3278 831 3340 laque
845 3287 866 3325 e.
940 3271 1019 3328 suffic
1036 3287 1077 3338 cp.

54 3371 72 3420 8
92 3379 128 3417 ex
147 3360 263 3415 naribus
286 3376 312 3414 c:
336 3375 421 3429 caup
449 3359 503 3427 (Ad
525 3357 636 3411 narium
659 3359 802 3429 sanguinis
826 3360 931 3413 fluxum
954 3359 1012 3414 iud.
1035 3361 1076 3426 p).

55 3442 73 3489 9
93 3431 280 3487 distillatione
299 3447 314 3484 e
331 3431 441 3500 (Parme
461 3427 684 3486 destinationem
700 3447 730 3502 p.
