2318 3788
488 117 704 180 ..16-

86 266 194 325 laetam
225 261 315 325 biduo
347 262 394 323 vel
421 261 521 322 triduo
550 261 625 322 lacte
658 263 779 341 caprino
813 263 943 343 nutries,
976 271 1008 322 et
1041 270 1110 342 post

85 353 158 414 haec
182 352 335 413 adhibebis
359 351 505 411 adiutoria
528 352 767 430 metasyncritica
795 351 824 411 id
849 358 895 411 est
919 369 995 430 quae
1020 370 1109 413 reno-

85 461 153 502 vare
182 441 297 502 valeant
325 442 500 520 temperiem
529 441 664 520 corporis
692 439 873 520 naturalem,
901 448 936 500 ut
962 448 1035 502 sunt
1059 441 1108 501 de·

86 533 241 592 siccatorio
270 538 464 609 sympasmata
493 528 538 588 vel
567 537 667 589 cetera
695 547 770 606 quae
798 527 835 588 de
859 528 942 608 cyclo
967 531 1109 609 superius

58 623 117 680 oin
139 623 278 700 passione
302 621 407 698 capitis
431 619 614 697 scripsimus

300 762 302 767 ¹
340 778 427 839 Vllll.
466 778 514 838 Ad
538 777 695 839 maculas
719 780 850 856 nigras.

175 902 304 963 Maculas
318 904 417 981 nigras
433 901 538 962 Graeci
553 902 658 981 alphus
674 902 821 962 melaenas
836 910 949 963 vocant.
978 921 1107 964 nascun-

86 1001 136 1053 tur
160 992 316 1071 aliquando
339 994 370 1051 in
394 991 477 1051 vultu
500 990 657 1070 aliquando
680 994 712 1051 in
740 990 870 1052 brachiis
894 991 1054 1070 aliquando
1078 995 1108 1053 in

86 1089 149 1142 toto
173 1099 313 1161 corpore,
336 1079 492 1158 aliquando
517 1080 618 1140 fuscae
642 1079 798 1159 aliquando
821 1082 924 1159 nigrae
948 1080 1107 1160 aliquando

49 1185 75 1224 1o
89 1188 210 1250 asperae
234 1169 326 1229 veluti
349 1187 503 1249 neruosae,
527 1187 600 1246 quas
625 1169 730 1229 Graeci
753 1169 925 1230 lichenodes
948 1169 1107 1249 appellant.

88 1278 124 1320 ex
147 1257 359 1320 melancholico
386 1257 512 1318 humore
540 1257 712 1318 efficiuntur
739 1257 769 1318 id
793 1266 839 1318 est
862 1275 899 1318 ex
921 1258 1107 1338 nigri-lelhs

87 1348 291 1410 redundantia.

176 1444 335 1515 propterea
369 1438 399 1495 in
429 1437 576 1515 principio
605 1437 768 1496 curationis
801 1435 962 1496 cathartico
996 1436 1107 1497 melan·

88 1525 236 1585 cholicum
255 1542 314 1584 non
334 1524 429 1584 solum
454 1522 546 1584 semel
565 1525 617 1584 sed
641 1526 816 1604 frequenter
838 1523 988 1604 purgabis.
1028 1525 1106 1604 quod

49 1625 74 1666 15
89 1613 284 1674 catharticum
303 1613 442 1673 conficies
461 1614 513 1672 sic.
551 1614 735 1693 epithymum
757 1615 903 1693 optimum
926 1613 957 1673 id
981 1621 1107 1674 estnon

89 1704 324 1763 vetustissimum
353 1709 383 1761 et
411 1720 446 1761 ex
475 1701 548 1761 locis
576 1703 732 1762 maritimis
760 1711 912 1782 sumptum
941 1705 1107 1781 quantitate

90 1792 259 1851 semunciae
278 1789 291 1849 Ι
314 1790 463 1869 decoquas
486 1792 517 1850 in
537 1808 630 1868 aquae
652 1790 758 1850 calices
777 1790 897 1851 latiores
921 1809 1048 1852 numero
1068 1791 1108 1852 lll

90 1898 185 1958 usque
215 1878 251 1938 ad
279 1881 397 1939 tertiam
423 1886 552 1960 partem,
580 1887 653 1940 tuno
680 1878 838 1958 diligenter
865 1877 993 1958 liquabis
1018 1889 1049 1941 et
1077 1883 1107 1941 in

90 1971 153 2048 ipsa
177 1967 350 2028 decoctione
374 1967 513 2029 miscebis
536 1967 689 2048 oxymellis
713 1968 858 2028 coclearia
880 1967 921 2028 Ill
945 1976 975 2029 et
997 1971 1108 2030 ieiunis

51 2069 77 2110 20
92 2057 183 2118 dabis,
224 2064 345 2137 etpost
368 2058 431 2118 dies
457 2059 641 2137 purgationis
665 2055 721 2116 alio
749 2058 965 2117 medicamento
996 2057 1107 2137 uteris]

18 2139 76 2234 'ff
90 2145 126 2206 ad
153 2145 284 2206 maculas
311 2148 411 2225 nigras
439 2155 470 2207 et
496 2163 635 2207 neruosas
664 2152 694 2206 et
721 2146 757 2206 ad
787 2144 917 2206 maculas
945 2147 1047 2226 nigras
1077 2149 1109 2208 in

57 2223 62 2233 ’
90 2234 174 2295 vultu
193 2235 310 2295 leminis
329 2253 364 2294 ex
385 2233 537 2296 abortione
556 2234 749 2314 praecedenti
772 2235 863 2295 lactas
882 2233 928 2294 vel
949 2233 1108 2297 adustione

160 2395 173 2442 1
194 2386 284 2442 nutris
297 2404 345 2456 pc.
435 2395 451 2441 2
471 2386 620 2442 adhibebis
639 2403 654 2441 c
672 2387 780 2456 (Pete.):
801 2386 929 2442 adhibita
944 2405 974 2457 p.
1048 2407 1109 2446 me-

87 2460 131 2514 tas
152 2458 280 2514 ineritica
290 2476 325 2528 p:
344 2459 466 2513 metasin
480 2456 585 2514 cretica
599 2475 621 2512 c.
694 2463 712 2510 4
731 2458 926 2528 simplasmata
939 2476 985 2528 pc.
1061 2462 1109 2517 de-

88 2531 158 2584 ciclo
174 2547 205 2599 p,
224 2529 316 2584 decito
336 2531 397 2599 (sic)
417 2547 438 2584 c.
540 2535 555 2583 ‘l
575 2529 648 2583 alfus
667 2529 792 2584 melanas
812 2547 833 2598 c,
853 2529 925 2584 alios
943 2532 1109 2604 melenasp

88 2601 198 2670 (alphos
224 2600 341 2654 meletos
362 2600 436 2655 Petu.
457 2617 479 2656 c.
499 2601 556 2669 25).
650 2605 683 2654 10
702 2616 800 2655 zenose
819 2618 841 2656 c.
932 2602 1057 2658 licedues
1076 2621 1109 2674 p,

87 2672 214 2726 lioedone
233 2688 255 2726 c.
347 2677 379 2724 11
399 2671 558 2726 efficiuntur
577 2671 690 2741 (Patr.):
710 2671 832 2726 efficitur
850 2690 873 2740 c,
891 2690 942 2728 om.
960 2691 988 2744 p.
1075 2682 1109 2731 13

88 2742 254 2798 catarticum
267 2742 522 2813 melancolicam,
542 2743 678 2798 catartico
693 2743 879 2800 melancolico
895 2762 917 2800 c.
992 2750 1026 2800 15
1041 2763 1110 2803 con-

87 2815 147 2868 ficis
167 2831 181 2868 c
206 2814 318 2885 (Petu),
346 2814 492 2870 conficitur
512 2832 542 2883 p.
632 2813 778 2882 Epithimir
794 2859 799 2870 .
816 2856 823 2869 .
839 2858 845 2870 .
860 2816 1002 2872 semuncia
1018 2859 1024 2870 .
1039 2819 1061 2872 l.
1086 2836 1109 2873 c.

87 2884 186 2955 Epithi
202 2884 268 2940 novi
285 2900 342 2939 non
361 2885 464 2941 veteris
484 2903 518 2941 ex
531 2886 549 2942 l.
564 2903 601 2939 m.
621 2885 775 2953 collecti-3·
793 2885 853 2956 ἕλῃ
869 2889 991 2955 (breuius
1011 2888 1109 2960 Petu).

89 2963 122 3011 1⁷
141 2957 280 3026 decoquas
294 2973 324 3024 p.
416 2973 491 3026 aqua
510 2956 611 3012 calices
622 3000 628 3013 .
639 2957 687 3011 III.
704 2974 737 3026 p,
761 2974 837 3026 aqua
860 2959 962 3013 calices
986 2959 1110 3016 leuiores

89 3029 149 3098 (sic)
169 3028 300 3084 nuelli.
320 3045 341 3082 c.
433 3035 467 3084 18
485 3031 597 3098 partem
615 3045 642 3082 c:
661 3044 711 3083 om.
727 3045 757 3098 p.
852 3029 975 3100 liquabie
994 3031 1109 3102 (Patr.):

87 3098 190 3168 ligabis
205 3116 249 3167 pc.
337 3106 370 3154 19
385 3099 533 3156 deuotione
547 3102 590 3168 <ut
603 3102 700 3169 supra)
714 3116 744 3168 p.
818 3101 948 3156 miscebis
962 3119 998 3172 p:
1023 3117 1075 3158 om.
1095 3121 1110 3159 c

90 3168 186 3239 (addes
205 3170 297 3239 Petu).
370 3171 509 3227 oximellie
526 3189 549 3239 c,
568 3171 668 3226 examl'
678 3188 709 3241 p.
783 3177 816 3226 21
838 3189 966 3227 carnosae
979 3190 1005 3243 q.
1080 3177 1110 3230 et

89 3240 126 3294 ad
144 3258 180 3294 m.
198 3240 293 3309 nigras
313 3258 396 3311 ceap
416 3245 483 3312 (uon
500 3244 553 3313 pc).
626 3242 657 3296 iu
669 3242 759 3298 vultu.
773 3242 803 3297 in
817 3243 929 3298 leminis
943 3262 969 3315 p,
988 3243 1109 3316 (nigras)

89 3310 253 3436 lempnatrpm
270 3329 292 3378 c,
312 3311 341 3366 in
356 3315 437 3368 vultu
450 3315 506 3370 uiri
520 3331 569 3369 seu
583 3312 686 3368 femine
700 3330 719 3383 p
738 3314 778 3382 (in
796 3315 877 3370 vultu
890 3315 994 3371 lemine
1010 3316 1108 3388 Pete).

91 3387 125 3435 22
156 3399 187 3436 ae
235 3399 260 3452 p.
