2318 3788
527 175 769 239 -104-

137 323 163 381 si
195 330 294 382 tamen
326 322 434 382 virium
468 319 593 399 qualitas
631 320 724 380 fuerit
757 320 930 399 suffragata,
968 324 1014 382 sin
1044 342 1050 383 r

136 412 245 470 acriori
268 409 396 490 clystere
421 416 555 470 ventrem
577 407 716 468 deduces.

52 523 69 562 r·
84 511 124 551 19⁸
224 497 263 582 ad
291 496 435 558 stomachi
467 499 675 558 ventositatem
707 498 769 556 sive
790 495 795 571 Ι
814 496 999 558 inflationem
1028 509 1050 560 et

137 589 252 648 sionem
278 585 357 666 polii.
378 586 484 647 cretici
510 584 695 664 manipulum
717 603 811 646 unum
838 587 870 646 in
899 604 976 666 aqua
1003 587 1050 648 de(

109 685 167 736 set
198 677 263 755 ipsa
297 673 471 735 decoctione
507 675 641 735 ieiunum
676 672 801 752 potabis.
851 682 903 734 aut
940 684 1050 756 nepeta

135 771 253 824 mentae
290 762 495 824 decoctionem
532 760 661 822 admixto
698 760 815 822 modico
851 762 939 823 melle
977 773 1008 825 et
1039 784 1050 845 1

135 853 236 931 granis
267 852 390 930 triginta
421 853 506 931 potui
538 849 631 910 dabis.
677 857 707 910 et
738 858 807 929 post
833 849 906 912 haec
935 852 1050 931 epithin

135 947 307 1020 spermaton
329 938 450 1019 Filagrii
471 957 610 1019 appones.
648 946 678 998 et
697 939 854 1000 conficitur
873 941 925 1000 sie.
964 941 1050 1001 carda

135 1030 250 1110 cyperi,
272 1026 382 1088 herbae
402 1027 536 1108 sabinae,
554 1028 639 1101 nitri,
661 1026 804 1088 bacarum
823 1027 913 1109 lauri,
937 1031 1050 1090 cassiae

95 1130 121 1170 10
134 1115 194 1197 lae,
221 1115 361 1196 meliloti,
389 1116 467 1176 faeni
495 1117 594 1195 graeci
619 1114 754 1195 pollinis,
780 1117 868 1177 lascis
896 1116 1007 1199 gallici,
1031 1137 1050 1179 st

103 1224 106 1230 ·
134 1207 207 1286 apii,
239 1206 381 1286 samsuci,
414 1206 510 1286 anesi,
541 1206 662 1284 panacis
688 1203 813 1286 radicis,
845 1207 979 1266 omnium
1008 1214 1050 1268 tre

133 1296 237 1354 uncias
264 1302 379 1374 ternas,
412 1294 588 1354 ammoniaci
615 1299 715 1372 guttae
744 1301 775 1353 et
804 1295 920 1353 resinae
953 1294 1050 1356 terebi

133 1383 238 1442 uncias
266 1399 366 1463 senas,
394 1380 506 1462 mellis,
533 1380 591 1441 olei
618 1380 749 1462 nardini,
777 1381 871 1461 adipis
898 1385 1024 1464 taurini,

133 1471 267 1531 omnium
286 1477 426 1549 quattuor
444 1469 536 1530 libras
555 1468 695 1548 singulas.
728 1469 820 1549 aliqui
835 1488 906 1530 vero
924 1489 980 1550 pro
1000 1471 1050 1532 olo

93 1570 119 1611 15
133 1556 203 1617 dino
227 1559 384 1638 cyprinum
406 1560 530 1619 mittunt
552 1565 583 1618 et
604 1575 660 1636 pro
679 1557 778 1618 radice
801 1561 922 1638 panacis
941 1578 1050 1639 opopar

134 1653 165 1705 et
178 1647 204 1706 si
218 1646 255 1706 ad
272 1663 416 1725 praesens
433 1644 614 1707 terebintina
628 1663 689 1706 non
707 1646 808 1727 inerit,
827 1647 1005 1708 coloioniam
1018 1667 1050 1708 m

133 1732 247 1794 addunt
270 1733 328 1795 olei
351 1733 453 1816 2111,
481 1736 559 1794 aceti
586 1733 666 1812 quod
690 1735 842 1796 suffecerit
865 1735 901 1795 ad
924 1736 1048 1798 contere

133 1824 309 1883 ammoniaci
336 1830 420 1902 gutta
447 1821 510 1883 sola
538 1824 599 1882 sire
627 1841 697 1883 cum
724 1841 892 1903 opopanace
923 1824 993 1885 facit
1021 1826 1050 1885 at'

133 1928 233 1971 versas
260 1910 429 1972 inflationes
457 1910 603 1972 stomachi
630 1911 676 1970 vel
705 1914 897 1973 ventositates
930 1921 961 1973 et
993 1932 1048 1993 epa

52 2000 53 2004 ’
91 2011 118 2052 2⁰
132 1997 257 2080 splenis,
279 2007 311 2060 et
332 1999 369 2060 ad
392 2001 491 2060 omnia
514 2016 654 2078 magnum
677 2007 724 2060 est
747 1999 1005 2062 medicamentum.

204 2132 310 2190 1810.
384 2133 527 2189 tectiore
545 2150 568 2188 c.
641 2132 755 2188 deducis
772 2151 821 2204 pp,
847 2153 929 2191 -ces
946 2152 968 2192 c.
1043 2157 1050 2191 κ.

131 2203 265 2274 creticip
284 2205 377 2274 (polue
393 2208 398 2273 Ι
413 2203 494 2260 retici
513 2207 551 2271 c):
577 2203 684 2274 polium
703 2204 838 2260 creticum
855 2221 881 2275 9.
972 2212 988 2261 5
1008 2211 1038 2263 et

131 2273 323 2329 decoctionem
340 2274 450 2330 ieiunus
474 2273 587 2344 potabis
604 2290 624 2354 q
642 2276 683 2343 (el
700 2275 792 2344 ipsam
810 2275 836 2331 d.
856 2276 950 2332 ieiuno
968 2280 1050 2347 potui

128 2346 176 2415 p),
206 2346 236 2399 et
264 2345 295 2399 in
322 2345 386 2415 ipsa
417 2344 580 2400 decoctione
607 2344 732 2399 1eiunum
759 2347 872 2415 potabis
902 2364 924 2403 e.

131 2413 238 2487 (nobile
264 2416 306 2485 9⁰)
332 2417 427 2490 mente
456 2432 487 2485 p,
514 2415 610 2484 nepite
637 2418 732 2471 mente
759 2433 800 2487 cp.
890 2433 891 2436 ’
928 2425 943 2472 7
971 2436 1050 2488 grana

130 2484 209 2540 XXX
227 2503 269 2556 ep.
342 2487 480 2557 epithima
496 2502 543 2557 pc,
562 2485 645 2555 eph'a
658 2503 689 2556 p.
762 2487 891 2558 8filagri
907 2505 957 2558 pp,
978 2488 1050 2562 silan

129 2554 230 2627 irlagni
255 2573 277 2613 c.
385 2557 556 2612 aemuaticoe
580 2558 680 2612 itermu
705 2559 785 2613 habet
810 2577 841 2630 p,
866 2561 999 2628 penitima
1024 2580 1050 2632 cp

128 2628 261 2768 {litet
284 2625 835 2768 ismahelitae-alti*
861 2629 964 2756 tait
979 2634 1050 2771 iil

128 2767 231 2825 fistule.
259 2768 426 2824 Melilolum.
459 2767 783 2838 Foenigreciepollinem,
806 2741 915 2826 ’Fasces
934 2773 1050 2840 gallicos

124 2856 156 2910 p,
174 2839 259 2895 fascis
278 2838 385 2894 calliois
404 2842 437 2909 c).
475 2839 578 2895 Samen
596 2839 662 2910 apii.
695 2841 859 2896 Semsucum
877 2841 1016 2910 (Samsuci
1024 2863 1050 2915 p

128 2911 187 2966 suci
208 2911 242 2978 c).
283 2909 366 2980 Ani(e
381 2911 533 2979 corridum.
565 2909 685 2966 Panacis
707 2911 816 2968 radices
839 2913 925 2982 (-cis
947 2919 1001 2984 cp).

127 2981 254 3036 omnium
268 3011 302 3021 -
316 2983 411 3036 ternas
423 2983 492 3051 9(c):
512 2985 556 3036 en.
572 2985 599 3049 ὴ
613 2981 661 3036 ΙΠ.
680 3001 707 3053 p.
782 2989 814 3036 12
828 2984 977 3040 Amoniaci
995 2989 1050 3056 gut

128 3053 255 3122 (-gutte
274 3054 313 3122 c),
338 3051 479 3108 armoniae
496 3051 580 3122 gaeta
593 3069 624 3123 p.
717 3060 749 3108 13
768 3055 865 3109 uncias
883 3071 963 3110 senas
980 3075 1012 3127 9:
1031 3057 1050 3125 2,

127 3139 281 3207 anssvl.
300 3158 327 3210 p.
400 3157 481 3196 caere
498 3131 582 3213 p‚c⁸’e
595 3158 631 3211 p:
650 3157 701 3196 om.
720 3158 741 3196 c.
828 3148 861 3196 14
880 3143 1005 3198 omnium
1024 3164 1050 3227 <p

128 3209 264 3277 (omnium
284 3210 370 3266 trium
387 3213 428 3269 at'e
446 3214 471 3281 c)
488 3211 508 3266 l.
528 3231 548 3267 s.
567 3231 612 3284 pc:
635 3217 680 3268 od.
698 3212 727 3266 l’.
745 3212 767 3265 I.
781 3229 813 3282 p.
905 3219 938 3267 15
956 3215 1050 3270 radici

126 3279 205 3334 nadre
217 3296 240 3348 e,
254 3280 348 3338 radice
357 3299 388 3353 p.
453 3283 591 3339 inducunt
605 3299 797 3353 opopanaoem
805 3300 828 3352 p
842 3283 924 3340 solus.
992 3293 1025 3342 17
1041 3305 1050 3343 t

127 3353 160 3406 2.
180 3351 220 3406 Ill
237 3369 267 3422 9:
287 3352 342 3408 olei
361 3360 376 3418 3
396 3353 444 3408 111.
464 3371 505 3425 cp.
610 3352 714 3408 sufficit
732 3369 773 3422 cp.
876 3354 921 3410 Ad
942 3359 1050 3414 contere

126 3423 199 3490 9(p)=
213 3437 263 3477 om.
279 3438 301 3478 c.
382 3429 416 3480 18
430 3425 490 3482 sive
504 3442 568 3481 cum
583 3423 758 3496 oppopanice
772 3441 798 3480 c:
818 3425 876 3481 sive
890 3442 1050 3498 opopanace
