2318 3788
60 339 269 401 medicamenti
302 336 449 397 confectio
479 336 545 396 talis
578 344 632 396 est.
674 337 892 419 cantharidum,
925 337 1076 417 sulphuris

60 431 130 509 viri,
154 428 235 488 oleae
259 425 401 486 bacarum
423 434 625 506 purgatarum,
648 425 814 487 chalcanthi
837 429 863 480 2.
886 434 1055 508 quaternas,
1070 420 1107 509 lo·
1124 435 1153 476 1⁸³

58 520 134 597 picis
157 515 287 595 liquidae
312 513 387 574 211
410 515 550 574 conficies
574 521 605 573 et
623 516 725 576 uteris.
772 515 842 576 lacit
861 523 891 577 et
909 515 945 576 ad
964 518 1077 594 rizonp-

59 606 143 666 chias
165 605 195 665 id
218 612 265 665 est
288 604 403 664 radices
426 605 572 682 unguium
597 602 803 665 excludendas.

327 744 430 823 [xrru.
467 744 515 805 aa
539 743 633 805 rana
656 745 801 808 hiantia.
1095 714 1153 796 ‘iii

150 861 238 923 Lahia
266 861 377 922 hiantia
405 863 466 920 sive
494 863 623 940 crispata
651 861 755 922 Graeci
786 862 862 922 chile
893 870 1079 941 caterrogota

56 960 173 1014 vocant.
215 960 246 1012 et
274 959 419 1011 curantur
446 949 503 1009 hoc
526 950 623 1011 modo.
665 953 713 1010 ovi
736 953 909 1012 interiorem
933 951 1078 1013 membra-

56 1060 126 1102 nam
156 1058 301 1121 appones,
329 1047 381 1099 aut
408 1037 502 1117 adipis
530 1041 661 1099 anserini
689 1057 775 1100 cerae
802 1043 919 1101 resinae
948 1039 1078 1101 terebin-

56 1134 138 1191 tinae
167 1131 301 1189 omnium
329 1129 421 1188 trium
448 1129 530 1206 paria
558 1126 691 1206 pondera
719 1131 750 1188 in
778 1131 842 1189 uno'
866 1129 946 1190 lento
970 1145 1079 1208 vapore

56 1217 268 1280 commiscebis
291 1225 322 1277 et
350 1219 382 1276 iu
405 1215 576 1276 membrana
599 1215 635 1277 de
660 1235 753 1277 canna
776 1217 915 1278 illinitum
939 1235 1078 1298 appones.
1093 1231 1118 1270 10

55 1307 232 1369 membrana
262 1305 299 1366 de
332 1323 426 1364 canna
457 1304 567 1365 dicitur
599 1304 672 1365 illud
700 1306 863 1366 rotundum
894 1307 973 1384 quod
1001 1309 1080 1366 intra

56 1415 184 1458 cannam
207 1396 368 1455 invenitur.
405 1392 483 1453 aliud
503 1393 539 1453 ad
558 1393 677 1472 ragadia
699 1402 730 1453 et
753 1393 789 1454 ad
808 1394 908 1454 ulcera
931 1397 962 1454 in
986 1393 1079 1454 labiis.

55 1486 164 1566 gallam
192 1492 223 1544 et
251 1484 396 1543 mastioen
423 1481 539 1560 aequali
566 1482 653 1543 modo
678 1490 816 1543 conteres
844 1491 874 1544 et
904 1502 972 1544 cum
996 1485 1079 1563 isypo

55 1584 87 1636 et
111 1573 200 1634 melle
225 1574 315 1632 attico
339 1579 390 1630 aut
413 1569 498 1649 adipe
522 1574 660 1631 anserino
684 1574 787 1632 uteris

403 1710 461 1772 XV.
498 1712 738 1775 Adsoahiem.
1093 1725 1119 1767 1⁵

150 1829 273 1890 Scabies
305 1847 322 1888 a
354 1827 505 1888 veteribus
533 1827 608 1888 duae
638 1847 703 1889 esse
731 1828 905 1908 probantur.
946 1847 1005 1889 una
1034 1837 1080 1889 est

56 1937 202 2000 squamea
224 1919 303 1978 lusci
326 1916 444 1999 coloris,
468 1935 556 1995 quam
580 1916 709 1977 scabiem
733 1935 922 1996 squamosam
945 1917 1080 1997 dicimus,

56 2007 208 2088 siquidem
241 2007 404 2066 corticosas
436 2005 606 2084 squamulas
638 2008 669 2065 in
703 2014 771 2066 cute
812 2005 973 2066 ostendunt
1006 2023 1079 2084 quas

131 2159 291 2216 cantaridaa
309 2176 335 2228 p,
354 2158 490 2212 -darum
504 2175 550 2227 pc.
650 2158 768 2227 sulphur
785 2158 882 2213 vivum
899 2175 917 2228 p
936 2157 1006 2228 (pera.
1021 2163 1078 2228 pc).

56 2239 72 2288 2
94 2233 188 2287 oleae:
209 2231 266 2285 alei
283 2246 324 2299 pc,
343 2229 399 2284 olei
412 2246 442 2298 p.
517 2231 617 2283 baccas
636 2228 749 2297 (bachas
765 2231 805 2285 ato
814 2232 847 2299 p)
866 2233 1001 2300 purgatas
1018 2247 1079 2300 pop.

56 2302 182 2359 calcanti
201 2301 320 2371 (calenti
338 2303 363 2371 c)
381 2316 434 2369 ppo
451 2300 480 2369 (i.
495 2299 610 2355 vitricia,
626 2302 667 2356 sic
683 2316 771 2370 supro
784 2318 811 2371 p,
830 2302 898 2370 cfip
917 2303 954 2357 ad
968 2319 990 2356 c.
1007 2301 1079 2370 XI).

56 2377 212 2445 quaternas
231 2388 277 2442 pc:
296 2371 350 2425 IllI
364 2374 396 2439 p.
468 2377 484 2426 3
504 2372 617 2426 conficis
635 2388 694 2441 pcp.
772 2372 927 2427 rizoniohia
944 2390 981 2442 pp
1000 2373 1079 2442 (cari-

57 2445 184 2502 zorichia
202 2447 236 2513 c).
322 2442 534 2498 4exducendas
548 2460 579 2511 p.
653 2444 731 2497 blot.
750 2442 835 2497 Albia
854 2443 945 2497 macia
959 2461 988 2512 p.
1063 2450 1079 2497 6

56 2516 148 2572 Lahia
169 2514 264 2570 macia
282 2531 304 2583 p
328 2519 363 2582 (et
383 2515 419 2580 ¹io
440 2530 527 2582 morp.
552 2529 621 2569 corr.
640 2513 658 2567 i.
682 2513 792 2583 iantia).
901 2513 1022 2584 crispato
1043 2530 1078 2582 p:

57 2606 164 2675 crepl’a
182 2620 205 2659 c.
279 2605 426 2673 catrogata
439 2619 470 2672 p,
490 2603 652 2672 caterogata
670 2619 684 2658 c
701 2602 776 2669 (Gal.
796 2602 886 2669 XIV,
900 2607 965 2659 424.
1004 2601 1080 2656 olto.

57 2694 118 2746 cup.
133 2680 161 2742 4,
180 2679 238 2743 57).
348 2681 362 2729 7
388 2673 440 2728 Oui
462 2674 594 2728 interiore
613 2692 649 2728 m.
665 2691 700 2743 p,
727 2673 810 2728 Omni
834 2675 902 2728 teris
921 2692 957 2728 m.
978 2691 993 2728 c
1011 2675 1079 2743 (sie).

57 2748 159 2817 compsi
177 2746 226 2801 ovi
245 2762 278 2800 ecc
298 2745 374 2800 Poto.
393 2750 442 2811 29,
460 2749 506 2801 46.
608 2751 623 2800 8
643 2745 756 2815 adipem
775 2745 934 2800 anserinum
953 2761 1014 2800 cere
1032 2751 1080 2799 cto.

54 2837 100 2888 pc.
211 2823 227 2871 9
248 2816 372 2873 omnium
390 2815 476 2870 trium
499 2833 526 2870 c:
550 2832 600 2870 om.
614 2834 645 2885 p.
754 2833 810 2871 nno
826 2833 861 2885 p,
880 2822 930 2870 uio
952 2816 1039 2885 (vino)
1058 2832 1079 2870 c.

57 2892 136 2946 lento
155 2905 207 2944 oro.
227 2904 249 2943 c.
324 2893 357 2941 10
376 2886 539 2942 commisces
553 2888 620 2956 etp).
694 2889 723 2942 et
740 2887 905 2942 membrana
922 2887 957 2940 de
974 2893 1007 2941 ca
1023 2888 1027 2954 Ι
1043 2903 1081 2940 na

58 2961 163 3015 dicitur
193 2960 247 3025 (sic
273 2960 338 3013 med.
363 2975 427 3026 oca,
455 2975 525 3028 poue
552 2963 643 3013 tameo
664 2960 754 3028 suppl.
783 2974 852 3013 corr.
876 2960 908 3012 c'p
929 2962 1029 3026 morp.)
1048 2974 1079 3026 p.

60 3039 93 3087 12
112 3031 223 3102 ragada
245 3032 275 3085 et
296 3030 391 3084 ulcera
404 3046 435 3098 p.
545 3036 577 3084 13
601 3029 718 3085 mastico
742 3046 776 3084 ox
800 3029 895 3098 equali
912 3029 997 3083 modo
1016 3045 1080 3083 con-

57 3106 133 3159 teres
153 3118 180 3157 c:
200 3101 316 3156 mastica
336 3117 408 3169 equo
426 3101 553 3155 cauteres
567 3103 628 3169 (sic)
643 3118 673 3170 p.
747 3117 811 3155 cum
830 3117 896 3155 suco
910 3099 985 3169 isopi
1000 3099 1080 3154 attici

58 3177 111 3229 ant
129 3172 214 3242 adipe
233 3189 260 3242 c,
281 3189 343 3226 cum
366 3171 447 3240 isopo
466 3171 541 3226 atico
561 3174 621 3242 (abt
639 3172 714 3226 atico
728 3189 761 3226 coc
775 3174 857 3234 corr.)
882 3173 933 3225 aut
950 3171 1034 3242 adipe
1048 3188 1079 3239 p.

57 3246 141 3314 isypo
158 3245 191 3299 iol
208 3249 248 3298 cat
266 3260 370 3312 oesypo
387 3244 487 3311 scripsi
505 3259 566 3298 cum
587 3243 661 3298 Orth.
681 3241 728 3312 (cf.
748 3243 824 3298 Plio.
844 3247 889 3308 30,
907 3243 966 3314 27).
1046 3247 1078 3295 15

57 3319 103 3370 tit.
122 3315 167 3369 Ad
186 3331 213 3370 c:
234 3313 337 3369 Contra
351 3330 381 3383 p.
465 3320 498 3368 16
517 3315 572 3368 due
587 3331 617 3384 p,
637 3314 663 3368 II
682 3330 704 3368 c.
792 3321 824 3369 17
844 3330 956 3369 scamea
970 3331 1001 3383 p,
1020 3319 1079 3367 sca-

57 3403 128 3510 mepl
153 3402 174 3440 c.
266 3401 419 3440 scamosam
447 3401 487 3454 cp.
580 3391 613 3439 18
637 3386 775 3440 scamnlas
801 3402 822 3440 c.
914 3383 1079 3448 ostenditp

59 3459 215 3529 (-r‘1tc).
