2318 3788
450 189 688 256 -185-

58 333 154 396 moles
176 333 308 396 manuali
329 332 420 416 mole,
448 341 478 396 et
506 336 548 396 sic
574 337 605 395 in
629 352 689 396 uno
713 334 928 397 commiscebis.
965 355 1076 416 coques

57 425 90 485 in
112 425 184 485 vino
208 429 240 484 et
261 439 354 502 aquae
377 421 494 483 modico
517 431 549 484 et
567 422 647 507 oleo,
670 431 701 485 et
723 424 842 487 sacculo
865 423 989 486 inclusis
1011 425 1077 487 loca

57 530 136 592 quae
163 513 321 592 patiuntur
348 509 518 594 vaporabis,
546 521 577 574 et
605 511 709 573 subter
742 531 912 593 perungues
936 513 1001 575 oleo
1032 516 1076 575 in·

58 601 153 662 terius
176 603 305 681 scripto,
331 606 362 661 ct
391 607 460 680 post
482 603 704 681 vaporationem
727 601 888 664 adhibitam
912 601 976 664 loce
999 609 1076 664 tuta·

56 687 158 751 biset
179 688 325 750 lasciahis.
363 688 443 769 quod
466 697 566 750 autem
585 689 684 751 oleum
703 691 860 753 conficitur
881 693 933 753 sic.
969 693 1103 771 recipito

57 779 230 840 cucumeris
260 779 387 857 agrestis
414 777 522 839 radicis
549 778 652 839 viridis
679 793 715 843 -:-
743 778 793 861 Vl,
820 781 958 842 alronitri
981 793 1018 842 ÷
1040 779 1077 860 ll,

58 865 199 928 aluminis
220 865 308 946 lipari
329 878 366 928 ÷
387 865 416 947 Ι,
439 866 497 927 olei
522 865 614 928 libras
636 867 664 928 11
683 867 712 930 S.
754 868 885 929 radicem
909 870 1077 930 minutatim

56 954 174 1016 incides
203 962 235 1016 ct
257 955 346 1016 simul
373 972 442 1016 cum
464 954 535 1016 ‚aliis
562 955 721 1035 speciebus
749 975 861 1036 coques
890 959 922 1017 in
951 957 1016 1017 oleo
1047 964 1078 1017 et

57 1050 142 1105 aceto
165 1043 263 1104 donec
285 1043 386 1105 oleum
408 1051 574 1125 remaneat,
599 1053 630 1105 et
652 1048 755 1107 uteris.

148 1133 232 1212 potio
251 1132 287 1193 ad
309 1131 467 1212 hydropes.
505 1131 645 1194 absinthii
663 1135 766 1195 viridis
790 1136 924 1196 turiones
945 1135 1077 1194 minores
1091 1149 1117 1189 ιο

57 1237 187 1282 numero
214 1237 267 1280 ser
296 1229 326 1282 et
352 1220 458 1282 llorem
481 1223 583 1301 spinae
607 1220 689 1283 albae
718 1221 876 1302 diligenter
902 1230 983 1283 teres
1008 1240 1078 1282 cum

56 1310 173 1389 piperis
196 1310 296 1388 granis
318 1307 388 1391 xri,
411 1316 443 1369 et
464 1309 572 1371 diurna
593 1312 716 1390 potione
738 1313 800 1371 vini
821 1313 933 1371 veteris

56 1395 143 1458 dabis
173 1396 273 1458 triduo
302 1405 362 1462 aut.
381 1415 436 1477 per
464 1396 529 1459 dies
556 1396 587 1458 V.
616 1407 646 1459 et
673 1417 728 1478 per
761 1398 894 1477 singulos
925 1398 989 1459 dies
1020 1398 1077 1459 hoc

56 1487 159 1547 iacies.

148 1573 326 1654 cataplasma
352 1573 525 1655 hydropicis
553 1576 742 1638 conveniens.
783 1578 872 1637 etiam
900 1583 930 1636 et
962 1575 1077 1656 splene·
1093 1590 1119 1632 1⁵

56 1663 128 1724 ticis
157 1664 268 1743 optime
299 1663 378 1724 lacit.
431 1665 539 1743 recipit
569 1665 704 1744 capparis
739 1664 855 1725 radices
888 1666 996 1747 siccas,
1028 1664 1077 1726 ab·

56 1750 163 1813 sinthii
195 1768 323 1833 cymam,
355 1752 521 1834 cuminum,
557 1751 646 1813 bacas
678 1752 768 1835 lauri,
807 1753 886 1814 laeui
917 1755 1016 1832 graeci
1048 1761 1079 1815 et

56 1838 166 1901 hordei
196 1839 346 1920 pollinem.
390 1842 488 1901 omnia
518 1840 627 1902 tondes
658 1849 688 1902 et
720 1858 832 1919 coques
864 1842 895 1901 iu
928 1841 1015 1902 mede
1048 1849 1079 1904 et

56 1934 158 2010 aceto,
187 1935 218 1989 et
247 1946 379 2008 appones
409 1927 445 1988 ad
473 1946 627 2008 vesperam
656 1935 686 1989 et
719 1931 800 1989 sines
827 1936 920 1989 totam
950 1936 1078 2012 noctem,

56 2034 146 2077 mane
169 2034 241 2076 vero
263 2016 401 2078 mutabis.
439 2016 496 2076 hoc
520 2017 694 2097 frequenter
717 2017 817 2078 facies.
1091 2034 1119 2074 ro

149 2104 290 2184 epithima
303 2104 474 2185 hydropicis
488 2107 678 2166 conveniens.
703 2105 850 2185 epithima
859 2104 963 2166 dicunt
972 2104 1078 2167 Graeci

56 2192 310 2255 medicamentum
347 2193 426 2272 quod
459 2192 611 2254 stomacho
644 2200 674 2254 et
709 2193 893 2273 praecordiis
926 2194 1015 2255 simul
1047 2202 1078 2256 ct

55 2284 158 2342 ventri
181 2290 414 2363 superponatur,
438 2299 507 2343 cum
530 2282 621 2343 buerit
643 2299 742 2361 panno
765 2284 930 2344 inunctum.
970 2284 1078 2363 recipit

133 2489 197 2542 let
215 2486 255 2542 sic
273 2488 304 2542 in
321 2504 377 2543 uuo
391 2504 427 2558 p,
451 2490 481 2542 et
503 2487 527 2541 si
548 2504 605 2542 uuo
629 2504 651 2544 c.
743 2489 903 2544 commisces
929 2507 971 2559 cp.
1061 2496 1078 2544 2

56 2593 157 2650 iclusis
176 2609 203 2664 o,
221 2565 328 2662 cloucbs
342 2610 373 2663 p.
447 2595 512 2648 aet
525 2609 574 2650 out
584 2609 616 2663 p.
689 2594 839 2649 titubabis
857 2611 886 2664 p.
961 2598 1042 2650 desit
1056 2612 1079 2665 c,

58 2665 168 2748 Mani)
181 2681 213 2734 p.
285 2667 317 2755 Ii,
331 2681 357 2720 c:
377 2679 426 2720 om.
441 2681 472 2734 p.
561 2663 696 2755 pendis
715 2681 765 2720 om.
779 2682 810 2735 p.
903 2664 1036 2758 '’lliperis
1055 2682 1078 2735 c,

57 2752 204 2863 {fidu
223 2735 630 2876 „cholmenzi-
643 2751 751 2889 etur:
837 2737 1078 2890 dinifii

58 2878 85 2932 d.
106 2877 143 2933 ad
162 2877 258 2933 oleum
276 2893 298 2933 c.
373 2883 406 2932 10
425 2878 462 2933 ed
480 2893 531 2933 om.
546 2893 568 2933 c.
640 2879 682 2947 1(y
691 2877 827 2948 pldropes
842 2895 882 2948 cp.
956 2894 1077 2933 mmores

57 2947 100 3003 VI
113 2964 149 3018 p,
169 2948 292 3003 minores
305 2953 362 3003 niro
380 2950 437 3004 tres
451 2965 473 3004 c.
548 2954 581 3002 12
596 2948 649 3002 XII
663 2965 690 3003 c:
708 2949 760 3004 VII
772 2967 801 3018 p.
875 2949 902 3004 ei
915 2949 1078 3005 diuturnam

57 3019 206 3090 potionem
220 3035 257 3089 p,
277 3019 378 3074 diurna
396 3023 426 3074 et
444 3022 482 3090 (z)
500 3019 644 3090 potionem
663 3036 685 3074 c.
775 3019 877 3076 veteris
895 3026 908 3075 i
926 3019 1025 3075 feratis
1043 3023 1078 3088 (c,

56 3091 163 3145 iterati
179 3092 212 3161 p)
231 3090 312 3145 debis
332 3091 396 3172 (sic)
413 3107 455 3161 cp.
565 3097 597 3145 1³
616 3089 712 3145 triduo
731 3121 764 3130 —
784 3090 810 3146 V
829 3107 854 3147 c:
881 3108 932 3162 per
951 3091 1010 3147 dieo
1028 3091 1076 3146 III.

59 3163 111 3216 aut
128 3160 163 3216 V.
174 3177 206 3230 p.
281 3167 314 3216 16
332 3161 404 3217 fec1t
416 3178 442 3216 c:
463 3163 595 3233 operatur
610 3178 639 3230 p.
712 3168 745 3216 l'l
766 3179 845 3219 come
864 3162 960 3218 cimini
977 3162 1077 3218 bacce-

57 3249 123 3286 rum
142 3248 164 3288 o.
239 3238 272 3288 18
292 3231 369 3287 etin
382 3233 466 3287 melle
476 3251 507 3304 p.
582 3239 615 3288 19
630 3248 757 3303 ponesp.
831 3234 917 3289 sines:
937 3233 962 3288 si
980 3234 1022 3290 vis
1036 3249 1076 3303 cp.

57 3305 123 3359 tota
140 3304 223 3358 nocte
243 3320 264 3359 c.
339 3308 373 3359 20
391 3320 475 3359 mene
493 3320 559 3360 vero
574 3319 600 3359 c:
620 3304 650 3358 et
667 3319 750 3358 mene
759 3321 791 3374 p.
862 3304 933 3359 focis
947 3321 969 3360 c.
1043 3310 1076 3357 21

58 3373 98 3428 ud
114 3373 264 3444 ydropicos
282 3391 305 3432 c.
319 3390 351 3445 p.
424 3375 501 3446 greci
519 3374 617 3430 dicuni
629 3391 660 3445 p.
734 3380 907 3445 capannam
924 3378 1025 3445 (slep)
1043 3405 1077 3415 ·-

59 3444 168 3500 cibaria
187 3446 239 3513 (sic
251 3450 287 3516 p)
305 3461 355 3502 om.
374 3462 397 3502 c.
469 3447 542 3516 Ilp.
