2318 3788
496 162 715 226 ..94-

99 311 179 369 riosi.
215 327 285 370 nam
307 317 339 370 et
365 308 490 387 dyspnia
512 326 529 368 a
552 307 674 368 Graecis
696 307 808 369 dicitnr
834 307 866 369 id
891 317 940 370 est
961 306 1096 370 difficultas

97 399 318 478 respirationis,
339 405 371 457 et
393 395 551 476 orthopnia
573 395 660 457 aliter
682 395 807 472 dicitur,
839 399 866 458 si
889 397 1012 476 quidem
1031 404 1096 458 recto

97 486 246 547 schemate
269 488 402 547 iacentes
420 485 631 565 praeloceutur
649 488 771 564 aegroti
809 494 842 547 et
860 493 910 548 est
931 487 1028 566 passio
1044 503 1096 546 reu

97 577 253 636 molismus
279 573 316 634 ab
344 576 453 635 arteria
481 573 616 635 detinens
643 575 674 633 in
697 573 887 656 pulmonem,
915 575 995 636 unde
1018 573 1098 636 sebio

69 664 133 724 rad
165 664 364 742 digestionem
395 661 531 724 ciborum
561 661 732 723 laborantes
769 666 885 742 gravati
917 663 1050 725 molliunt
1074 669 1099 722 ut
1135 716 1138 721 .

96 755 186 814 etiam
208 753 299 811 nimia
328 751 459 812 thoracis
486 753 681 831 oppressione
704 750 849 830 frigidum
871 769 976 813 aerem
998 752 1099 814 haurire

96 843 225 919 cupiant.
269 848 300 900 et
322 841 356 900 fit
377 838 424 900 rel
447 842 580 902 nascitur
602 858 640 900 ex
662 840 854 901 antecedenti
876 842 1028 920 profunda
1047 855 1099 921 per·

96 930 234 989 frictione
254 937 285 990 et
298 947 335 990 ex
353 927 447 989 multo
467 928 533 989 cibo
553 937 676 1008 accepto
695 938 727 990 et
744 928 948 1008 indigestione
968 927 1101 1010 frequenti

96 1027 127 1078 et
148 1017 277 1096 plurimo
301 1016 472 1078 concubitu.

56 1120 82 1159 10
185 1107 348 1167 curationis
379 1113 514 1184 tempore
546 1107 573 1165 si
609 1104 730 1185 grandis
762 1107 895 1185 impetus
928 1108 1022 1169 luerit
1049 1122 1101 1186 ptr

95 1197 188 1256 sionis
217 1203 248 1256 et
274 1193 474 1274 plethoricnm
504 1211 613 1273 corpus
641 1202 782 1272 aegrotus
811 1195 982 1257 ostenderit
1014 1196 1042 1257 id
1066 1199 1103 1255 eo
1141 1244 1143 1271 ,

95 1283 284 1345 multitudine
308 1284 373 1344 suci
396 1281 532 1362 plenum,
554 1285 586 1343 in
608 1280 731 1342 brachio
753 1281 974 1346 llebotomabis.
1016 1281 1102 1346 sedai

94 1373 172 1433 sorte
195 1375 303 1434 virium
325 1369 514 1432 imbecillitas
536 1369 583 1430 rel
605 1372 710 1431 aetatis
739 1379 791 1432 aut
819 1375 969 1453 temporis
993 1373 1103 1454 qucum

94 1460 246 1522 llebotomi
268 1479 356 1521 nsum
379 1458 581 1539 prohibuerit,
610 1461 689 1519 inter
712 1459 850 1540 scapulas
874 1464 958 1523 circa
981 1458 1102 1544 spondpl

54 1564 80 1602 15
94 1549 192 1609 locum
225 1547 379 1609 scariiabis
411 1557 441 1608 et
471 1566 527 1627 per
558 1546 731 1609 cucurbitae
765 1557 888 1628 raptum
918 1552 1103 1614 sufficientem

94 1639 269 1716 sanguinem
300 1635 448 1696 detrahes.
494 1645 525 1697 et
557 1638 585 1696 si
615 1655 653 1696 ex
683 1638 776 1696 nimio
809 1638 925 1717 frigore
959 1638 1104 1720 contigerit

92 1727 199 1786 hiemis
222 1735 358 1805 tempore
381 1724 523 1806 iaciente,
546 1723 665 1786 sacculo
683 1724 827 1786 calefacto
846 1744 886 1787 ex
909 1731 1007 1791 tritici
1024 1729 1103 1790 ruina

93 1824 124 1876 et
159 1817 223 1874 ervi
254 1817 286 1874 in
318 1813 492 1874 decoctione
525 1811 669 1874 marrubii
706 1822 851 1875 concocta
888 1815 1103 1896 diligentissime

92 1902 248 1983 vaporabis
271 1904 351 1963 circa
374 1901 575 1983 stomachum,
602 1909 633 1962 et
660 1908 757 1961 totum
783 1911 894 1982 pectus
920 1905 1029 1968 subter
1048 1919 1102 1985 per·

52 2007 79 2047 ao
92 2011 208 2071 ungnes
232 1991 392 2053 chalastico
415 1992 556 2069 superius
578 1991 609 2049 in
632 1991 771 2068 passione
794 1994 926 2054 tetanica
951 1999 1102 2056 memorato

91 2083 215 2160 cyprino
239 2080 304 2141 oleo
327 2078 474 2157 resoluto,
498 2087 529 2138 et
551 2086 619 2156 post
642 2079 865 2156 vaporationem
894 2081 974 2144 lanis
998 2079 1103 2145 mundis

91 2171 209 2248 operies
234 2178 264 2228 et
287 2166 432 2228 lasciabis

180 2256 375 2317 electuarium
403 2254 451 2313 dia
479 2262 511 2313 tu
540 2252 618 2313 silliu
646 2252 808 2314 aGraecis
837 2257 1022 2336 appellatum
1048 2257 1102 2336 dys-

90 2347 207 2425 pnoieis
235 2344 425 2404 conveniens.
467 2342 575 2420 recipit
597 2348 698 2401 autem
716 2341 841 2420 squillae
861 2346 956 2407 medii
978 2356 1009 2409 et
1031 2342 1103 2427 ysopi

52 2455 76 2493 es
91 2447 125 2496 ÷
150 2434 248 2514 binas,
271 2433 385 2493 urticae
410 2430 533 2490 seminis
556 2437 586 2488 et
608 2428 680 2508 polii
699 2431 803 2490 cretici
823 2447 857 2493 ÷
880 2435 1025 2518 singulus,
1047 2429 1102 2495 sud

162 2567 309 2639 ldipsnia
325 2567 388 2634 (sic)
406 2582 453 2635 9ο,
472 2563 564 2618 disme
576 2580 608 2632 p.
697 2563 728 2618 id
747 2569 804 2620 est:
823 2569 853 2623 .I.
872 2585 922 2638 gc,
941 2569 1008 2639 ip.
1089 2568 1102 2617 l

88 2641 221 2712 orbopnin
237 2657 269 2709 9,
288 2637 400 2694 orbonie
418 2651 446 2705 c,
470 2639 564 2690 orteia
581 2634 727 2703 l-tomie)
740 2653 772 2704 p.
847 2644 864 2692 3
882 2641 1064 2708 prelocenbnr
1077 2651 1102 2706 p:

87 2714 224 2767 -cunbirr
237 2727 279 2780 cp.
352 2706 550 2762 reumatismus
563 2721 605 2775 9ο,
624 2721 705 2759 -mo
714 2722 746 2774 p.
819 2712 998 2778 bgrevatim
1015 2706 1103 2767 alfiani

87 2785 150 2855 (sic)
163 2800 188 2854 9,
259 2777 493 2851 aperirignbione
502 2793 533 2859 p.
604 2776 917 2848 llplectoricumopet
930 2787 997 2838 ante
1009 2796 1072 2838 corr.
1080 2792 1102 2846 9.

89 2864 123 2912 14
142 2853 265 2925 spondili
282 2868 309 2922 9,
329 2851 405 2904 -liu
423 2866 446 2915 c,
465 2849 603 2902 -horum
617 2864 648 2915 p.
721 2853 755 2902 15
773 2849 949 2908 scurifionbis
962 2871 1006 2922 cp.
1074 2849 1100 2903 lt

87 2929 183 2983 seculo
204 2942 228 2980 c.
300 2928 335 2978 18
350 2919 474 2976 herbiin
490 2919 518 2972 d.
532 2934 569 2987 99
583 2917 742 2986 (herbarum
761 2918 930 2978 decoctione
945 2925 981 2994 o).
1053 2933 1101 2976 me·

86 2998 161 3054 rnbii
174 3015 205 3067 p.
254 2995 416 3059 ¹concocta
432 3008 463 3062 g:
485 2989 602 3044 decocta
620 3005 648 3054 θ,
672 2990 787 3051 ῖθοθὴ
800 3007 831 3059 1).
919 3000 953 3050 19
974 2996 1100 3051 subura

87 3077 122 3125 20
139 3067 273 3124 emantioo
291 3083 352 3138 gcp.
426 3061 645 3117 commemorato
664 3074 686 3112 c.
759 3065 792 3114 21
814 3061 925 3131 ciprino
944 3083 1006 3136 pop,
1072 3061 1100 3114 12

86 3140 179 3210 operis
202 3156 262 3209 pop·
336 3143 371 3192 13
390 3131 583 3188 Elecbnnrinm
601 3145 628 3196 c,
652 3129 817 3185 electen-inm
831 3149 863 3201 p.
958 3129 1100 3192 dinbunlfid

87 3211 200 3279 ΗΜ
213 3213 239 3279 e)
253 3226 314 3279 pop,
383 3212 419 3260 24
432 3206 460 3271 lp
473 3206 533 3271 (mn.
549 3201 654 3284 nutem)
665 3216 706 3268 cp.
774 3203 901 3284 medinm
914 3222 951 3275 90
964 3205 1059 3275 (medii
1065 3202 1099 3271 p).

85 3297 246 3352 ysopump
273 3278 352 3349 (-pi
374 3279 427 3346 ep).
536 3277 571 3326 25
594 3289 629 3323 τ’
652 3268 688 3338 (²‚-
711 3272 737 3339 c)
764 3271 848 3354 binas
874 3292 923 3347 90:
957 3283 1003 3334 ah.
1028 3283 1053 3340 5.
1072 3269 1099 3325 ll·

86 3369 181 3407 semen
194 3367 235 3422 9ο.
304 3350 412 3420 polium
427 3341 800 3424 cretionmlpfllpolnprehep
813 3346 866 3416 cp).
933 3367 955 3404 Β,
971 3351 1100 3412 gemenpo

86 3425 162 3491 (bueo
179 3424 221 3478 sic
238 3421 314 3477 deute
327 3437 363 3490 pt
387 3417 478 3472 urbice
505 3430 617 3470 semmrs
640 3411 711 3482 poh1
733 3413 799 3467 siliis
822 3416 941 3472 seminis
961 3425 1006 3475 uri.
1024 3421 1050 3485 ’ζ’
1065 3411 1098 3477 l.)-
