2318 3788
492 171 712 236 ...58-

97 319 237 379 13331333
269 323 383 377 vocant.
430 315 551 376 feniculi
583 316 695 377 hortini
731 314 840 376 radicis
877 323 908 375 31
941 317 1099 377 centauria«

96 416 196 486 933133
219 405 318 485 binas,
341 405 419 464 lacni
447 406 546 482 graeci
575 413 605 465 et
628 404 750 465 meliloti
778 412 879 484 partes
908 405 1038 482 singulas
1061 403 1096 463 de

97 515 208 575 coques
232 503 262 555 31
285 496 388 555 uteris,

185 582 364 644 anacolloma
401 581 437 641 ad
469 600 579 642 reuma.
631 586 759 643 acaciam
794 582 933 660 nigellam
969 591 1050 642 teres
1082 600 1099 642 3

70 684 217 752 5333333,
242 671 348 732 dehinc
371 673 403 730 in
425 689 483 731 usu
508 689 576 731 cum
600 674 646 731 ovi
669 671 735 731 albo
759 681 789 731 31
813 674 898 731 13331
922 679 1061 731 conteres
1082 689 1098 730 3

98 780 166 822 cum
194 763 255 820 acri
283 768 367 820 aceto
402 759 587 839 temporibus
618 760 752 820 oblinies.
794 759 891 820 hieme
920 778 991 819 vero
1025 759 1099 819 addc

98 868 216 910 murrae
245 857 275 909 et
301 866 425 908 mannae
454 851 531 909 turis
558 847 707 909 modicum
736 858 766 909 31
794 851 889 909 313313
914 851 992 909 31331
1016 866 1099 926 snpra

185 933 385 997 tricocollema
415 937 529 1016 capillis
556 937 712 998 oculorum
735 937 868 1015 ligandis.
910 939 986 1015 picis
1010 940 1099 996 siccae

98 1045 192 1106 cerae,
215 1028 362 1104 mastices,
380 1028 497 1085 resinae
516 1025 618 1106 lrixae,
641 1028 773 1085 omnium
797 1025 851 1087 llll
874 1029 957 1105 paria
982 1026 1099 1104 ponder

58 1128 84 1166 1⁰
98 1122 129 1176 in
156 1133 216 1176 tino
245 1114 399 1174 consolvcs
426 1113 461 1173 ad
490 1132 629 1193 vaporem
658 1122 688 1174 et
716 1115 806 1174 iacies
834 1114 955 1193 collyria
980 1114 1099 1192 oblonga

187 1203 223 1263 ad
242 1203 463 1282 hyposlagmata
481 1201 510 1262 id
529 1212 575 1263 est
593 1203 788 1263 suffusionem
807 1205 960 1280 sanguinis
979 1222 1016 1263 33
1036 1211 1099 1262 3313

99 1291 216 1353 cedenti
248 1310 394 1371 percussu
428 1293 460 1351 in
488 1291 582 1351 oculis
615 1292 730 1352 iactam.
780 1293 918 1351 convenit
945 1294 1025 1351 13133
1052 1294 1097 1369 193

98 1383 181 1441 131113
214 1399 289 1459 aqua
322 1381 396 1440 salsa
431 1379 588 1458 diligenter
622 1380 757 1439 coniecta
794 1399 831 1440 ex
862 1380 1013 1440 inlusione
1048 1379 1099 1438 sali

99 1469 224 1529 candidi.
265 1471 349 1528 tenui
375 1468 497 1529 linteolo
530 1467 664 1529 subiecta
696 1469 761 1528 lana
793 1468 839 1528 vel
872 1475 952 1528 moto
985 1468 1051 1528 tilto
1083 1467 1099 1526 li

60 1571 84 1610 15
99 1556 189 1636 gabis.
227 1558 308 1616 novit
327 1559 406 1616 enim
429 1556 496 1616 talis
515 1557 686 1616 suffusionis
710 1559 884 1635 sanguinem
908 1575 944 1616 ex
968 1575 1099 1634 percussi

100 1663 248 1725 spargere.

188 1733 266 1793 aliud
281 1732 317 1792 ad
336 1741 469 1793 tumores
484 1743 514 1794 31
533 1733 651 1794 dolores
666 1743 696 1794 31
713 1733 912 1813 spargendum
931 1736 1099 1812 sanguineo

99 1825 146 1882 ovi
174 1821 273 1881 album
301 1830 331 1882 31
358 1830 447 1881 tenue
476 1825 507 1882 in
535 1822 662 1901 ampulla
688 1825 803 1883 minore
832 1823 942 1882 adicies
972 1830 1002 1882 31
1027 1841 1099 1901 supe

99 1909 223 1972 stillabis
251 1909 453 1970 columbinum
480 1911 677 1971 sufficientem
706 1913 879 1990 sanguinem
903 1929 940 1972 33
962 1928 1038 1970 vena
1063 1929 1098 1971 su

60 2015 85 2052 2⁰
99 1999 142 2060 ala
174 2000 281 2080 ineisa,
314 2007 343 2059 et
375 2001 541 2059 commixtis
574 2018 607 2060 33
644 1999 748 2060 leviter
780 2000 935 2078 tepefactis
968 1998 1099 2060 1313133131

172 2273 292 2330 1331131
310 2291 346 2344 99
364 2276 427 2340 (333.
447 2279 482 2344 3).
560 2274 669 2329 radices
688 2290 732 2343 93,
751 2276 810 2330 rad'
825 2291 855 2344 9.
903 2277 1099 2358 33313339(

99 2363 158 2416 939.
249 2352 266 2400 4
284 2345 459 2400 33333113313
476 2362 494 2414 9
518 2346 671 2415 1-3313333
690 2350 742 2415 cp).
833 2344 929 2400 333313
952 2346 1099 2418 31931139

99 2419 168 2473 13313
186 2434 246 2488 939.
344 2422 360 2472 5
379 2434 410 2469 33
428 2434 509 2471 33313
527 2433 587 2486 939
692 2434 754 2472 3331
774 2416 821 2472 ovi
840 2416 983 2472 albumine
1003 2421 1079 2473 3331.

101 2489 221 2545 33313313
238 2505 257 2558 9
275 2490 365 2558 (-333
383 2489 435 2556 cp).
516 2491 595 2556 etp:
616 2489 666 2542 331
667 2489 776 2628 (31191
795 2504 835 2557 93
908 2489 1099 2559 6311131339

101 2563 197 2626 1-333
210 2561 252 2629 p).
326 2559 445 2612 8Trioo
459 2558 573 2613 3311313
585 2559 688 2630 9(3),1ι
703 2559 886 2641 (1131133111333
895 2561 1017 2641 plotio
1031 2578 1099 2616 mar

100 2631 232 2700 intelligo
260 2627 461 2713 depilatorium
488 2645 551 2683 cum
579 2631 725 2713 siserepios
752 2629 782 2682 in
810 2630 885 2684 31333
911 2629 1030 2684 13313311
1057 2648 1099 2686 331

101 2701 241 2758 331313313
268 2703 287 2757 1.
317 2717 338 2754 3.
366 2701 398 2754 in
431 2699 501 2754 libro
535 2702 603 2755 Plot
573 2702 674 2756 31331311
708 2700 789 2755 Circo
820 2699 928 2755 1331333
961 2703 1099 2770 appellato

100 2774 163 2843 pice
182 2773 257 2828 sicco
276 2788 348 2826 3333.
380 2769 497 2842 33331139
516 2773 637 2838 (-333,
656 2774 755 2840 -391
793 2771 1011 2841 333133131339.
1089 2780 1099 2826 1

100 2841 446 2916 33393311331339
518 2841 1099 2913 133939.11111933133133139,13191

101 2918 283 2982 3333133133,
301 2912 513 2982 yposfouotap
588 2920 620 2967 12
640 2918 957 2982 93333333339.14
976 2915 1023 2970 vol
1041 2918 1099 2970 mol

100 2987 166 3043 11113
180 2985 283 3057 ligabis
297 2985 373 3052 (31.3
358 2989 439 3038 3.1.9
454 2985 519 3053 2213
539 2990 568 3039 31
581 2984 661 3039 molli
678 2983 781 3053 ligabis
794 2986 858 3053 (313)
871 2999 930 3053 939.
1006 2990 1039 3039 15
1055 2987 1099 3041 131

102 3058 217 3114 suffusio
240 3054 384 3126 sanguinis
408 3071 441 3108 ex
464 3071 491 3123 p
517 3073 557 3125 39
576 3055 696 3137 9,13113
720 3054 833 3109 suffusio
852 3072 934 3124 exp.
954 3056 1099 3126 sanguinet

102 3148 143 3198 39.
161 3145 187 3196 3,
213 3127 302 3182 131331
324 3124 492 3180 infusionem
514 3125 658 3196 sanguinis
682 3142 717 3180 ex
739 3141 905 3194 9333333333
924 3143 965 3195 39
982 3144 1011 3195 p.
1090 3135 1099 3183 1

101 3201 1099 3286 1313333131319(-33339).183113113319.31131339

102 3287 189 3343 adicis
217 3292 386 3340 319
415 3284 606 3340 columbinum
632 3301 662 3354 9.
690 3285 813 3340 columbi
840 3286 1078 3353 39331111

102 3358 269 3427 (-cientem
292 3357 487 3426 39120
510 3355 606 3426 1393113
628 3373 646 3425 9
670 3355 798 3426 (-133113
825 3355 1090 3425 3911313311

104 3430 199 3497 (-des
217 3431 268 3496 39).
