2318 3788
492 159 731 225 -124-

105 309 308 369 rcumatizant.
354 307 399 368 lac
433 309 587 387 caprinum
619 306 765 385 optimum
798 315 829 366 et
862 307 975 386 pingue
1010 323 1083 385 coque

104 394 256 458 moderate
285 413 377 475 snper
404 394 549 457 carbones
581 397 612 456 in
645 393 752 455 cacabo
785 394 870 455 fictili
903 414 980 457 novo
1009 392 1083 456 etad

104 484 245 546 miscebis
263 484 351 564 amyli
369 487 500 546 recentis
519 485 718 546 sufficientem
737 483 867 563 modum,
891 492 923 546 et
941 482 1083 546 sorbendur

104 572 188 634 dabis
211 574 319 634 ieiunis
343 572 459 634 diurnis
482 573 597 635 diebus.
635 581 665 633 et
688 580 756 651 post
778 571 852 633 baec
873 571 1083 653 supercomeden

77 660 175 722 adum
203 661 287 722 dabis
315 661 499 741 aliquantum
527 665 599 724 sicci
626 663 718 742 panis.
761 663 873 722 etenim
904 662 961 723 boc
984 663 1083 724 adiutor

104 769 198 828 genus
221 768 325 810 reuma
349 753 521 831 crassescit,
545 750 715 812 acredinem
742 758 902 830 temperat,
927 752 1083 813 ulceratio

103 841 191 899 tricat
214 847 245 899 et
267 840 479 901 intestinorum
502 858 536 900 ac
560 841 672 900 ventris
696 840 887 918 asperitatem
909 839 1042 902 lenificat.

192 930 339 988 trociscus
366 930 537 989 anotericus
564 929 594 990 id
624 935 671 989 est
703 930 755 1006 qui
784 946 905 989 sursum
938 932 969 990 in
1000 931 1083 1009 potior

102 1015 190 1076 datus
217 1016 362 1077 servando
390 1020 562 1096 superiores
590 1018 703 1078 ventris
726 1024 757 1077 et
784 1018 998 1079 intestinorum
1019 1025 1083 1098 parta

62 1117 87 1155 1⁰
102 1104 252 1185 medetur,
281 1108 391 1184 optime
421 1107 532 1167 faciens
565 1106 761 1186 dysentericis
789 1115 819 1166 et
847 1105 968 1168 ciliacis.
1012 1107 1083 1184 recip

101 1195 261 1273 iusquiami
289 1196 411 1255 seminis
439 1193 510 1275 albi,
537 1199 638 1256 adreos
669 1196 791 1254 seminis
824 1194 854 1255 id
887 1205 934 1256 est
965 1195 1083 1256 vilicioni

101 1284 160 1362 apii
183 1285 315 1365 seminis,
338 1283 460 1344 feniculi
479 1285 614 1364 seminis,
637 1283 856 1362 hypoquistidis
879 1286 959 1364 suci,
982 1284 1083 1344 balaust

100 1371 130 1431 id
150 1381 196 1432 est
214 1371 297 1433 floris
316 1368 406 1451 <mali
424 1369 569 1453 granati),
589 1373 778 1450 ammoniaci,
797 1374 931 1434 omnium
951 1375 1083 1453 specierui

100 1459 122 1525 3
150 1459 218 1541 llll,
251 1463 325 1544 opii,
356 1461 513 1541 gallarum,
540 1460 641 1540 amyli,
675 1479 727 1538 ges
755 1469 883 1542 asteros,
918 1480 972 1522 rus
1003 1463 1083 1542 syriae

60 1559 86 1599 15
100 1551 230 1629 acaciae,
253 1548 388 1628 draganti
410 1550 432 1616 3
454 1549 490 1610 ll.
527 1567 603 1628 aqua
627 1548 777 1628 colligitur
801 1559 832 1610 et
854 1551 931 1611 liunt
955 1552 1083 1611 trocisci,

101 1634 294 1717 singularum,
316 1655 352 1697 ex
372 1637 481 1716 quibus
500 1637 588 1698 datur
606 1656 684 1698 unus
703 1656 762 1698 non
782 1637 981 1701 febrientibus
1000 1653 1083 1717 vesper

100 1726 162 1784 tino
186 1732 321 1804 tempore
346 1744 415 1786 cum
438 1728 505 1787 vino
529 1728 621 1786 mixto
645 1725 740 1786 cabdo
767 1728 799 1786 in
823 1729 961 1809 potione,
989 1727 1083 1789 febrier

99 1811 180 1885 tibus
208 1832 279 1874 vero
308 1832 376 1875 curn
405 1832 481 1893 aqua
509 1813 610 1874 calida.
652 1826 683 1875 et
710 1814 874 1876 lientericis
903 1819 1014 1895 optime
1036 1813 1083 1876 iaci

188 1902 336 1964 lienterici
364 1903 506 1964 dicuutur
534 1905 585 1980 qui
609 1922 645 1962 ex
669 1902 858 1965 antecedenti
880 1903 1046 1983 dysenteria
1064 1903 1083 1960 in

58 2002 85 2043 20
100 1993 277 2052 testinorum
309 1989 491 2052 debilitatem
526 1991 667 2072 faciente,
699 1990 816 2070 perdito
849 1993 979 2054 naturali
1010 1992 1083 2054 calon

98 2078 181 2140 cibos
206 2097 281 2159 quos
308 2082 459 2159 accipiunt
482 2081 625 2140 contiuuo
653 2079 817 2159 indigestos
839 2081 886 2141 vel
911 2082 1020 2144 crudos
1041 2089 1083 2142 tau

98 2185 186 2246 quam
223 2186 277 2247 per
313 2168 412 2229 lenem
452 2169 664 2230 intestinorum
698 2168 815 2247 lapsum
850 2180 987 2250 egerunt.
1035 2162 1083 2231 untl

97 2258 196 2335 passio
227 2256 364 2318 lienteria
393 2258 511 2318 dicitur.
562 2264 592 2316 et
624 2265 670 2318 est
702 2255 889 2340 incurabilis,
927 2262 1049 2321 maxime
1076 2255 1083 2312 l

170 2414 185 2463 1
205 2408 322 2464 amisces
341 2426 382 2480 cp.
455 2415 473 2463 4
491 2407 581 2463 ieiun⁹
599 2410 710 2478 (-nus)
729 2413 800 2475 σόαι
816 2417 917 2480 saepe).
998 2406 1083 2468 diurni

97 2479 237 2535 diuturnis
256 2497 297 2550 cp.
371 2486 387 2535 5
406 2479 613 2562 aliquantulum
627 2498 659 2550 p.
742 2487 757 2535 6
778 2480 926 2538 cicatrieet
944 2501 971 2540 c:
992 2486 1083 2545 —aaii

96 2555 113 2605 8
137 2550 273 2607 anab'icus
297 2568 324 2621 c,
348 2549 456 2607 anoni)
473 2567 496 2619 Ρ
525 2553 598 2620 (opp.
621 2548 795 2615 κατώτερικὰ
822 2548 963 2624 φάρμακα
987 2555 1047 2611 Gai.
1071 2547 1083 2604 2

96 2627 162 2679 527.
194 2623 255 2678 Aet.
274 2627 307 2690 9,
325 2627 371 2678 48.
390 2626 447 2691 49).
519 2622 692 2678 bservando
712 2621 849 2693 (f'vando)
865 2640 892 2679 c:
911 2643 962 2682 om.
978 2644 1008 2696 p.
1075 2625 1083 2674 1

95 2691 225 2762 quiliacis
239 2710 270 2763 p.
343 2695 429 2762 iicp.
522 2699 554 2747 11
575 2709 669 2749 amcos
683 2710 719 2762 p,
738 2695 768 2748 ei
785 2711 882 2750 amens
900 2713 923 2752 c.
1013 2697 1031 2754 i.
1048 2691 1083 2751 uil

80 2763 193 2820 eciomis
212 2781 239 2832 c,
257 2764 276 2820 i.
295 2763 449 2819 iucilidiois
463 2780 493 2833 p.
528 2764 563 2831 cf.
581 2781 670 2834 supro
687 2781 709 2820 c.
728 2768 772 2820 13.
846 2771 879 2820 12
898 2764 1069 2840 ypoquisiidi

94 2835 181 2890 -dos
195 2852 226 2905 p.
317 2837 348 2890 et
360 2835 500 2890 balaustia
518 2851 533 2889 c
552 2829 656 2904 (ἄνθος
670 2830 771 2904 ἀγρίας
786 2833 868 2907 ῥοιᾶς
886 2838 951 2895 Gai.
985 2841 1019 2908 ef.
1035 2835 1083 2892 Pin

60 2907 243 2976 .23‚112).
335 2912 367 2960 13
391 2906 411 2960 i.
435 2905 512 2961 floris
535 2907 626 2974 (-res
640 2909 673 2976 p)
696 2908 907 2976 alrp)monieci
925 2927 967 2980 cp.
1054 2908 1083 2963 oi

94 2984 169 3048 speri
187 2982 212 3040 3.
227 2977 281 3031 1111
295 2993 321 3032 c:
336 2981 381 3033 ab.
395 2983 413 3039 3
427 2976 481 3032 1111
492 2993 523 3046 p.
589 2983 622 3030 14
636 2977 776 3047 gallerum
786 3009 819 3018 -
831 2983 888 3048 (15)
901 2981 1069 3038 trocisoiom.

95 3056 128 3103 14
147 3050 334 3118 gestastereos
351 3049 416 3116 (sic)
436 3064 468 3117 p.
544 3047 685 3104 rossiriaci
699 3065 730 3118 p.
809 3056 841 3104 15
861 3056 906 3106 ari.
925 3058 944 3115 3
963 3055 1025 3123 Hp
1042 3052 1068 3121 (i.

94 3137 220 3218 omnium
238 3155 280 3207 sp.
298 3143 317 3200 3
335 3135 435 3206 binas).
509 3141 544 3190 cri
562 3152 637 3204 equa
656 3117 743 3209 colli&
755 3155 787 3208 p.
866 3141 1083 3212 Jsmgulnrumi

92 3214 247 3276 3umusp.
322 3214 355 3262 16
369 3223 486 3276 unusp:
501 3206 522 3262 Ι.
538 3224 560 3262 c.
633 3214 665 3263 17
681 3209 770 3264 mixto
784 3225 835 3265 om.
845 3227 876 3279 p.
941 3212 1083 3283 inpotiont

92 3293 142 3333 om.
158 3293 191 3346 p,
209 3277 355 3346 potionem
373 3280 501 3348 (poeoem
520 3279 551 3333 .Ι.
568 3277 752 3334 febrientibus
773 3284 832 3350 etc.)
852 3298 875 3336 c.
986 3290 1018 3339 18
1036 3296 1083 3349 aqu

92 3363 142 3403 om.
163 3365 185 3402 c.
269 3355 301 3404 19
320 3349 365 3404 illi
383 3348 432 3417 qui
445 3365 477 3418 p.
551 3364 584 3403 ex
603 3364 652 3402 om.
673 3366 694 3405 e.
768 3357 803 3406 20
821 3353 915 3409 calore
929 3372 965 3424 p:
985 3353 1083 3412 cocolor

91 3421 157 3487 (sic)
173 3435 195 3472 c.
270 3425 304 3474 22
324 3419 387 3474 ole'r‘
395 3435 419 3489 p
438 3420 558 3488 (cierunt
575 3434 663 3488 supra
678 3424 734 3491 ιθ),
754 3426 856 3492 gerunt
873 3441 895 3480 c.
