2318 3788
489 133 729 198 -168—

95 279 193 360 ducit,
215 278 352 341 similiter
371 285 502 339 comesta
521 277 557 339 ad
576 286 672 340 semet
693 279 876 340 intrinsecus
895 293 1044 341 venenum
1063 274 1104 338 all
1153 296 1154 329 ³

97 368 233 431 ducendo
256 367 408 430 honinem
429 374 525 429 necet.

309 526 446 589 LXVllll.
483 525 532 588 Ad
556 529 761 608 scorpionis
784 529 906 591 ictum.

155 704 160 712 .
189 651 310 715 Scribes
332 654 364 712 in
383 651 485 714 charta
503 652 572 713 rudi
594 651 652 713 hoc
671 670 780 713 nomen
797 648 962 734 Α<(Π>Ι(
983 659 1016 714 et
1037 659 1109 732 post·

70 755 189 822 ⁵quam
203 743 360 821 scripseris
377 740 510 822 plicabis.
542 759 638 821 pones
650 744 683 803 in
701 744 767 822 ipso
785 749 899 821 puncto
916 757 1111 822 percussurae

99 831 232 892 chartam
256 831 456 911 conscriptam
479 837 509 891 ct
531 829 633 892 trahes
655 830 736 892 illem
761 848 857 910 usque
881 829 918 891 ad
941 829 1043 892 locum
1064 828 1111 891 ulti
1138 872 1141 881 .

98 919 288 983 descenderit
310 919 408 1001 dolor,
432 927 462 980 et
480 919 639 981 confestim
656 922 722 980 sine
743 919 848 981 dolore
865 919 1025 981 efficietur.
1059 917 1111 981 hoo
1152 982 1154 1009 Ι

98 1009 226 1088 fysicum
254 1007 291 1069 de
318 1010 376 1069 riri
403 1008 528 1069 illustris
555 1005 756 1089 (vindiciani)
784 1017 840 1071 est
881 1010 1027 1070 etiamst
1052 1006 1111 1068 the

97 1099 217 1160 riaoam.
255 1096 440 1158 diatessaron
462 1099 494 1157 in
517 1100 638 1177 potione
661 1099 723 1159 vini
744 1097 837 1159 dabis

58 1290 84 1329 ιο
308 1273 397 1335 LXX·
431 1274 481 1335 Ad
503 1275 680 1354 fugandos
704 1227 922 1356 serpentes}

188 1398 315 1479 Capillos
344 1399 381 1459 de
410 1416 498 1478 capra
526 1405 578 1460 aut
605 1399 739 1464 mulieris
762 1407 814 1460 aut
843 1401 999 1461 cervinum
1023 1416 1112 1460 cornu

98 1495 151 1548 aut
173 1487 214 1548 iel
236 1488 412 1566 fumigatam
436 1495 592 1567 serpentes
616 1488 742 1568 fugiunt.

187 1574 275 1635 aliud.
319 1578 438 1636 cervina
460 1575 547 1655 pollis
571 1575 721 1638 substrata
735 1577 816 1673 ’iacit
839 1595 900 1638 non
923 1579 1032 1641 timere
1056 1595 1111 1638 ser·

97 1672 212 1744 pentes.

57 1802 84 1842 rs
393 1787 494 1851 LXXI.
531 1789 579 1851 nd
602 1790 825 1870 epilepsiam

186 1911 242 1974 Est
260 1919 361 1974 autem
380 1913 521 1999 epilepsia
545 1913 662 1976 subitus
686 1916 821 1994 corporis
845 1932 933 1976 casus
956 1934 1027 1978 oum
1049 1934 1111 1997 spu·

98 2005 227 2063 mationa
252 2009 283 2063 et
304 2009 392 2081 raptu
416 2001 619 2064 membrorum
643 2003 777 2065 effectus.
814 2011 845 2064 et
866 2012 938 2066 sunt
960 2005 1111 2068 distantiae

98 2093 247 2170 passionis
276 2090 360 2151 duae.
402 2090 559 2169 aliquando
583 2093 662 2152 enim
686 2091 742 2153 suh
770 2091 888 2153 diverso
914 2102 1004 2174 raptu
1027 2112 1111 2156 mem·

100 2178 225 2241 brorum
253 2179 396 2259 efficitur,
423 2179 580 2259 aliquando
608 2197 677 2242 cum
701 2196 815 2242 somno.
858 2183 996 2261 seqnitur
1020 2192 1112 2246 autom

58 2284 87 2324 so
100 2271 262 2350 patientes,
294 2274 328 2328 ut
359 2267 433 2349 diri,
467 2267 584 2331 subitus
616 2287 718 2351 casm,
754 2267 912 2349 aliquando
945 2289 1016 2335 oum
1048 2289 1111 2335 oon·

100 2359 248 2423 erectione
267 2357 402 2434 corporis
421 2356 633 2438 membrorum,
652 2357 810 2438 aliqnando
826 2375 895 2420 oum
914 2363 1113 2442 oppressione,

171 2562 256 2619 sad
279 2581 299 2619 s.
325 2560 343 2616 i.
367 2561 409 2616 ta‘t.
434 2577 449 2617 c
470 2563 517 2628 (=
538 2563 600 2629 iod.
618 2568 665 2634 p):
688 2563 919 2635 Experimenium
944 2566 1114 2632 bonumfl

94 2651 150 2706 pro
173 2634 248 2695 recor.
268 2650 299 2704 p.
408 2631 559 2689 4Soribes
582 2651 609 2704 o,
633 2635 717 2690 —bes
736 2652 768 2705 p.
875 2636 940 2692 rudi
959 2655 996 2708 p:
1020 2654 1071 2696 om.
1095 2653 1114 2693 c.

98 2723 194 2779 ARorc
208 2738 231 2791 c,
250 2723 271 2776 Λ
287 2720 306 2790 lp
323 2703 368 2801 p¹o
377 2738 408 2790 p.
482 2722 601 2792 oplioas
614 2741 701 2794 pones
715 2740 756 2794 op.
829 2726 934 2795 puncto
944 2743 983 2796 p:
998 2727 1084 2796 puteo
1095 2741 1114 2781 c.

101 2795 216 2849 licente
230 2793 389 2862 conscripto
402 2809 443 2863 cp.
515 2793 605 2848 mahir
625 2795 725 2865 (trabis
739 2799 763 2866 a)
778 2796 830 2852 illa
843 2813 885 2865 op.
959 2799 1022 2852 let
1035 2812 1115 2854 om.c.

101 2865 223 2920 efficitur
246 2880 311 2968 op.⁵
395 2863 486 2919 adesi
508 2863 628 2922 illustris
650 2872 724 2923 cane
748 2868 778 2922 il
800 2884 815 2932 z
840 2866 941 2923 tiriaca,
959 2884 989 2938 c,
1014 2866 1116 2930 deciri

98 2970 218 3028 illustris
236 2969 298 3026 dari
324 2970 412 3026 eiiam
427 2974 456 3027 ei
468 2970 574 3026 terieoe
583 2989 614 3042 p.
687 2973 857 3042 edomans
866 2975 953 3044 p)ron
970 2991 1013 3044 op.
1086 2978 1115 3028 10

99 3042 142 3098 Do
164 3043 272 3113 copigo.
300 3023 419 3108 litabo.
435 3059 466 3112 p.
539 3048 572 3097 11
592 3042 728 3112 Capillos:
755 3043 929 3115 (lapillorum
948 3062 975 3115 c,
998 3045 1116 3117 capigor

99 3115 163 3182 (sic)
177 3130 201 3182 p
218 3113 265 3181 (of.
287 3113 365 3170 Plio.
383 3118 437 3182 28,
456 3117 513 3183 70).
587 3119 620 3168 12
687 3114 793 3185 'untpr
811 3115 895 3186 fuget
912 3133 934 3173 o.
1009 3123 1043 3172 13
1057 3116 1116 3173 sub·

99 3186 207 3238 streate
222 3202 257 3254 p,
276 3184 434 3255 subscripto
452 3202 473 3242 o.
584 3190 618 3240 15
635 3184 661 3238 Δ
700 3186 866 3255 epilepsiam
885 3203 900 3243 c
917 3189 989 3254 (ind.
1006 3193 1052 3258 p),
1077 3187 1117 3242 De

99 3253 236 3324 epilepsis
250 3273 280 3325 p.
364 3263 397 3312 16
416 3255 552 3327 epilensie
570 3271 611 3326 op.
695 3263 727 3312 17
748 3257 907 3342 effecta-op.
993 3265 1027 3316 18
1046 3259 1116 3315 enim

98 3343 149 3381 om.
170 3342 191 3380 a.
274 3326 326 3382 sub
345 3344 371 3384 c:
391 3344 455 3383 cum
468 3344 499 3398 p.
586 3332 619 3382 19
638 3330 735 3384 autem
752 3331 785 3384 ut
803 3329 862 3386 dm
880 3348 908 3400 p.
923 3347 954 3400 p.
1039 3337 1072 3386 πο
1091 3329 1117 3385 ei

98 3395 252 3467 aliquando
267 3414 298 3468 p.
372 3403 406 3452 21
425 3397 549 3470 corporis
563 3413 648 3470 emp
667 3399 803 3471 (corporis
820 3402 867 3457 vel
880 3401 1069 3459 membrorum
1083 3403 1116 3470 o).
