2318 3788
453 82 692 146 -141-

57 226 231 306 paralyticis
246 227 377 306 noxium,
396 225 575 288 observabis.
604 227 746 288 solatione
770 246 840 288 vero
863 231 967 309 uteris,
989 247 1078 308 quam

58 315 166 376 eliosin
186 315 303 394 dicunt,
328 322 358 375 et
376 318 528 395 gymnasio
551 316 581 376 id
600 324 646 377 est
665 319 815 397 exercitio,
835 324 865 378 et
884 320 1077 397 sinapismum

58 411 88 464 et
111 403 275 483 dropacem
299 411 328 464 et
352 403 567 486 drimylagiam‚
590 408 688 465 omnia
713 406 823 485 cyclico
847 406 933 466 modo
957 405 1076 467 adhibe·

57 490 113 574 bis,
134 494 226 553 sicuti
245 494 384 573 superius
403 495 434 553 in
457 496 594 573 passione
609 496 714 573 capitis
729 495 895 556 scribentes
912 496 1077 556 docuimus.

57 588 88 642 et
115 583 141 642 si
170 583 282 642 nimius
310 580 403 642 rubor
431 584 462 642 in
488 581 572 643 vultu
600 585 784 665 apparuerit,
813 592 843 644 et
863 580 1103 664 'purgatorium5

57 669 256 750 cbolagogum
275 669 367 752 dabis,
386 673 412 730 si
431 679 529 732 tamen
549 672 650 732 senilis
665 680 745 732 aetas
760 675 880 733 minime
899 673 1076 753 impedierit.

376 829 431 891 LV.
469 831 518 891 Ad
542 840 761 910 quartanam.

148 954 280 1035 Simplex
311 963 454 1034 quiartana
481 958 578 1036 typica
607 956 791 1018 ordinatione
820 960 916 1037 prima
943 957 990 1017 die
1014 975 1076 1016 mo·

60 1052 144 1106 retur
165 1052 196 1104 et
219 1043 309 1104 biduo
333 1047 510 1124 interposito
535 1053 640 1124 quarta
663 1045 710 1107 die
731 1047 918 1107 reformatur.
957 1048 1075 1106 sivero

59 1131 177 1193 duobus
206 1131 310 1194 diebus
339 1136 400 1213 typi
428 1134 555 1193 lormam
582 1134 760 1215 ostenderit,
788 1135 818 1195 id
846 1141 949 1195 estut
976 1136 1076 1213 ipsum
1090 1146 1116 1186 1⁰

59 1219 183 1282 biduum
215 1223 310 1301 prima
339 1221 386 1282 die
415 1239 483 1282 cum
511 1221 594 1282 lebre
623 1223 685 1283 sola
713 1224 860 1284 efficiatur
887 1231 918 1283 et
945 1221 1076 1282 secunda

58 1309 104 1371 die
133 1318 204 1391 post
226 1312 453 1390 exagitationem
481 1311 601 1391 frigoris
624 1313 755 1372 accessio
779 1311 908 1372 lebrium
927 1318 1076 1392 nascatur,

58 1407 87 1460 et
106 1418 167 1460 una
186 1399 233 1460 die
251 1401 427 1479 interposita
447 1407 553 1478 quarta
572 1400 618 1460 die
638 1401 832 1481 reformetur,
855 1399 964 1480 duplex
988 1417 1074 1479 quar·

57 1495 124 1548 tana
153 1488 330 1549 ostenditur.
372 1489 397 1549 si
424 1506 495 1548 vero
522 1507 577 1568 per
605 1491 703 1569 ipsum
731 1489 855 1550 biduum
873 1492 963 1550 ,inter
985 1488 1074 1549 horas

57 1576 181 1637 diurnas
205 1584 235 1637 et
260 1585 421 1638 nocturnas
440 1579 529 1638 tertio
554 1580 755 1639 accessionem
774 1581 901 1659 typicam
925 1579 1075 1638 senserint
1089 1589 1115 1632 1⁵

56 1672 259 1746 aegrotantes,
287 1684 346 1726 una
374 1665 422 1726 die
446 1667 524 1726 sicut
547 1685 637 1746 supra
661 1668 721 1728 dixi
744 1667 870 1728 leviores
893 1665 1020 1727 habeant
1044 1673 1074 1726 et

54 1762 162 1834 quarta
186 1754 233 1814 die
257 1755 471 1829 reformentur,
499 1761 561 1815 tres
585 1763 746 1834 quartanae
770 1775 836 1816 esse
860 1755 1072 1834 significantur.

54 1850 85 1904 et
108 1844 244 1904 nascitur
267 1861 303 1903 ex
327 1842 538 1904 melancholico
564 1843 698 1904 humore.

145 1933 178 1992 in
197 1931 400 1992 curationibus
419 1949 489 1991 vero
513 1934 717 2011 quartanarios
737 1931 773 1992 ab
796 1934 861 2011 ipso
880 1933 964 1991 initio
985 1949 1071 2010 opor·

55 2029 100 2118 tet
122 2020 316 2081 mediocriter
335 2028 364 2081 et
383 2021 453 2080 mite
473 2019 576 2081 haberi
595 2027 624 2081 et
644 2039 740 2100 neque
760 2023 803 2081 eis
823 2019 1071 2080 medicamentum
1085 2034 1112 2075 eo

129 2216 143 2264 1
165 2207 338 2265 Solidntione
357 2225 398 2278 cp.
472 2215 488 2264 2
508 2207 645 2278 gimnasio
664 2210 710 2264 uel
729 2208 864 2264 exercitii
882 2225 909 2277 c,
928 2195 1028 2280 giffsiis
1053 2207 1070 2262 i.

52 2279 198 2338 exercitiis
217 2297 248 2350 p.
339 2280 491 2350 sinapismo
515 2281 544 2335 et
567 2281 687 2349 dropace
706 2282 736 2335 et
757 2279 919 2349 drimifagiu
933 2297 964 2349 p.
1055 2285 1081 2333 3.

52 2361 103 2410 oia
122 2351 233 2408 cidisos
250 2357 296 2406 mo
313 2369 335 2420 c,
355 2358 403 2407 oia
421 2351 511 2406 oidico
529 2345 558 2406 ni
574 2352 676 2421 (moino
695 2356 759 2406 ante
777 2352 858 2420 corr.)
872 2368 902 2420 p.
976 2353 1005 2407 et
1022 2350 1071 2405 ad·

52 2422 165 2481 bibebis
179 2440 210 2492 p.
300 2422 421 2477 4sicuti
438 2438 489 2478 om.
508 2439 530 2478 c.
621 2424 773 2478 scribentes
793 2439 842 2477 om.
857 2439 888 2491 p.
962 2422 1070 2478 teolo-

52 2512 160 2567 gogum
170 2511 206 2563 p:
226 2495 406 2563 coagulatum
420 2510 441 2548 c.
516 2493 612 2548 senilis
622 2511 657 2563 p:
676 2494 783 2549 iuvenis
797 2510 819 2549 c.
893 2498 907 2546 7
927 2494 969 2548 De
982 2492 1072 2562 tipion

52 2565 222 2638 passionsp
241 2565 297 2635 (Ad
318 2566 410 2635 tipum
436 2563 597 2633 quartinum
615 2567 655 2620 sic
672 2566 731 2622 ind.
746 2568 788 2634 p).
897 2563 1021 2633 Stipica
1035 2580 1070 2632 p:

49 2637 114 2708 tipo
129 2655 159 2708 p.
234 2637 354 2692 tbiduo
370 2667 403 2677 -
419 2636 464 2690 dis
483 2651 533 2690 om.
549 2652 570 2690 c.
643 2636 705 2690 IIII.
720 2637 765 2690 die
776 2652 806 2706 p.
881 2635 1070 2703 todennam)

51 2707 212 2764 ostenditur
227 2724 254 2774 c,
278 2707 402 2764 ostendit
424 2712 488 2762 onte
511 2722 581 2762 corr.
598 2723 626 2776 p.
735 2709 767 2760 nt
789 2707 882 2776 ipsum
902 2705 1019 2760 biduum
1034 2721 1069 2774 p:

51 2781 84 2835 ut
101 2797 122 2852 p
140 2783 200 2850 xpm
218 2778 326 2834 iudicii
344 2795 366 2833 c.
441 2784 473 2832 12
493 2781 558 2847 post
572 2795 594 2834 e.
611 2778 644 2832 fr.
660 2795 686 2834 c:
707 2777 897 2848 exagitatione
916 2776 1028 2846 frigoris
1038 2793 1070 2845 p.

54 2857 87 2917 13
107 2853 138 2906 et
156 2867 212 2905 uno
230 2850 275 2905 dis
294 2851 326 2919 (I.
341 2849 387 2904 die
401 2850 554 2919 pot—(16)
570 2851 730 2919 egrotantes
745 2865 795 2904 om.
810 2865 832 2903 c.
905 2847 966 2903 IlIl.
981 2848 1027 2901 die
1038 2863 1068 2916 p.

51 2923 96 2978 bic
112 2927 208 2978 notam
225 2922 305 2976 tabet
318 2927 354 2990 1³⁰
371 2922 403 2974 in
420 2937 507 2991 marg.
526 2921 624 2988 „Idem
641 2920 671 2975 in
689 2919 913 2992 possi<onario>.
951 2919 985 2973 de
999 2934 1070 2988 pery

52 2993 138 3050 febre.
166 2993 241 3047 Num
260 2991 421 3047 cotidiaui“.
512 2997 543 3046 15
563 2991 709 3046 diuturnas
724 3009 754 3060 p.
837 2990 990 3059 senseritp
1010 2990 1070 3060 (obi

52 3065 152 3120 iterum
165 3070 202 3133 φο
224 3065 256 3118 iu
277 3079 364 3133 marg.
388 3063 483 3131 „Idem
505 3067 584 3134 ipa*
603 3095 636 3103 —
655 3065 674 3118 ι’.
694 3080 714 3118 e.
737 3063 768 3116 in
790 3061 962 3132 passionario
982 3091 1015 3100 —
1035 3061 1069 3114 de

52 3136 152 3191 eodem
171 3152 194 3191 o.
216 3133 270 3200 Qui
287 3136 393 3204 vero“).
467 3140 500 3188 16
518 3151 575 3188 unu
594 3134 639 3190 die
658 3151 684 3203 c,
703 3135 724 3190 I.
745 3133 790 3189 die
804 3150 834 3203 p.
907 3131 1027 3187 diximus
1047 3149 1068 3186 c.

53 3206 159 3264 leuiore
178 3223 207 3273 o,
224 3205 346 3262 leniores
360 3223 390 3274 p.
484 3211 515 3260 rt
535 3205 701 3261 reformetur
714 3221 750 3274 p,
774 3205 903 3259 -matnr
921 3222 943 3260 c.
1036 3209 1068 3257 19

52 3279 264 3348 quartaniorum
278 3295 309 3348 p.
418 3279 453 3346 cf.
474 3276 572 3332 Galen.
593 3278 644 3332 XI
651 3320 659 3347 ,
683 3282 715 3333 at
738 3293 779 3347 sq.
884 3281 926 3326 nu
943 3274 1034 3325 iduum
1050 3286 1086 3330 vu

52 3349 130 3417 imile
140 3352 196 3419 10⁰)-
