2318 3788
502 165 719 231 ..50-

57 367 58 370 ,
99 313 146 375 bis
170 320 200 372 et
223 314 326 373 uteris
364 313 474 371 etenim
499 319 631 371 tumores
655 310 763 389 digerit
786 319 816 370 et
840 310 960 371 sordida
984 321 1122 390 qrraeque

100 401 246 481 depurgat
274 410 304 461 et
332 400 488 460 humorem
517 417 656 479 asperum
683 399 819 460 lenificat.
864 399 938 460 utile
963 410 1011 462 est
1033 404 1122 461 etiam

101 500 131 551 et
150 492 197 550 ovi
216 489 315 550 album
335 498 365 549 et
388 496 477 549 tenue
501 489 680 567 tepefactum
700 489 809 566 iugiter
828 488 999 568 infundere,
1023 499 1055 550 et
1079 489 1121 548 lac

101 579 255 640 muliebre.
306 588 351 638 est
383 595 510 656 namque
547 577 643 637 benus
680 576 787 636 humor
820 576 864 636 lac
901 578 982 654 qued
1016 577 1121 638 Graeci

74 668 267 747 eeircbymen
299 675 416 746 vocant,
443 663 514 745 <et>
541 665 618 725 valet
641 684 657 725 e
682 667 830 725 centrario
854 665 1028 726 acredinem
1053 665 1120 726 mali

100 756 235 817 humeris
268 754 441 816 obdulcare:
479 757 522 815 sie
554 756 652 814 emnia
689 756 838 814 contraria
871 757 1032 815 contrariis
1066 754 1120 814 sibi

101 843 192 905 rebus
216 852 367 904 curantur.
410 843 462 904 sed
486 852 604 922 opertet
634 845 730 922 prime
754 845 818 903 sine
842 842 901 903 ulla
924 845 1119 922 oppressione

102 935 269 1011 egestiones
307 934 367 992 sive
404 934 526 1011 pituitas
564 930 732 1010 oculorum,
774 950 847 1009 quas
885 931 992 993 Graeci
1029 933 1121 993 lema's

101 1030 221 1101 vocant,
249 1020 329 1081 melli
359 1020 507 1100 penicillo,
521 1020 678 1082 detrahere
701 1039 737 1081 er
761 1038 837 1098 aqua
860 1019 954 1080 calida
977 1039 1120 1100 expresso

61 1125 88 1165 ro
103 1119 133 1170 et
160 1109 318 1188 diligenter
345 1127 495 1188 vaporare.
538 1117 568 1170 et
591 1112 617 1169 si
640 1127 709 1170 cum
732 1108 870 1169 omnibus
898 1108 992 1169 luerit
1016 1111 1121 1189 capitis

102 1198 242 1278 gravedo,
266 1197 451 1259 cucurbitam
475 1199 614 1276 occipitio
637 1215 775 1276 praeraso
800 1198 894 1276 figens
913 1197 1012 1258 addita
1033 1200 1120 1259 scari·

101 1287 211 1348 latione
236 1294 455 1365 competentem
478 1288 653 1366 sanguinem
676 1286 823 1348 detrahes

191 1376 368 1454 cataplasma
391 1377 503 1437 faciens
522 1375 557 1434 ad
577 1382 726 1435 tumerem
744 1374 901 1435 oculorum
919 1383 951 1436 et
972 1374 1121 1436 chemosis

102 1473 133 1524 et
160 1467 318 1543 proptosis.
356 1464 521 1544 appellatur
545 1472 645 1525 autem
669 1463 815 1524 chemosis
839 1465 979 1541 quotiens
1002 1465 1036 1524 in
1058 1467 1121 1544 ipsa

63 1568 89 1609 15
103 1552 251 1613 ceratoide
275 1555 376 1613 trunca
400 1555 571 1631 apparuerit
594 1551 779 1613 rubicundus
799 1559 829 1612 et
848 1570 993 1612 carnosus
1014 1561 1123 1632 tumor,

103 1643 253 1720 proptosis
280 1659 351 1700 vere
375 1651 421 1702 est
444 1641 598 1702 oculorum
623 1660 659 1701 ex
683 1643 774 1701 nimie
802 1649 919 1702 tumere
947 1643 1124 1720 prominens

104 1748 204 1810 casm,
238 1737 270 1791 ut
304 1732 392 1791 etiam
425 1730 544 1808 difficile
576 1729 725 1809 palpebris
758 1737 964 1808 contegantur.
1015 1731 1126 1810 recipit

104 1827 203 1879 autem
232 1821 359 1879 castorei
387 1827 416 1880 et
444 1821 525 1880 croci
553 1819 591 1880 dr
616 1818 760 1897 singulas,
789 1820 849 1898 epii
877 1817 997 1879 obolum
1030 1836 1124 1880 unum

104 1915 164 1967 ant.
182 1907 222 1989 ΙΙ,
246 1926 369 1968 ererum
392 1925 528 1968 asserum
550 1907 649 1968 vitella
672 1906 708 1988 V,
735 1909 821 1986 panis
844 1906 948 1968 mundi
976 1909 1125 1969 micarum

62 2000 134 2144 202.l
154 1995 299 2145 libbeum
329 1997 451 2058 dulcore
480 2005 510 2058 et
538 1996 654 2057 medico
682 2014 804 2058 rosaceo
834 1996 955 2074 colliges
984 2004 1015 2056 et
1047 2005 1125 2058 cata·

104 2103 214 2164 pasma
236 2105 270 2146 rs.

178 2279 191 2325 1
220 2273 304 2342 digef
328 2273 411 2341 (-rib
439 2275 482 2342 ep)
503 2314 509 2326 .
528 2312 535 2325 .
556 2313 561 2326 .
583 2272 742 2343 depurgant
775 2275 872 2343 (-gab
900 2275 944 2342 cp)
960 2313 966 2326 .
983 2315 988 2329 .
1006 2317 1011 2329 .
1032 2274 1128 2328 lenifio

105 2343 198 2410 (-cob
216 2347 258 2411 ep)
277 2361 302 2414 9.
403 2350 419 2398 3
438 2343 538 2398 insonti
555 2360 573 2414 9
591 2344 703 2412 (-dere
722 2345 774 2412 op).
873 2349 890 2398 4
909 2343 1048 2400 muliebre
1067 2345 1127 2414 (rel

104 2413 181 2468 asine
200 2415 263 2470 add.
283 2431 352 2470 cerr.
371 2432 456 2485 marp.
472 2417 513 2484 p).
620 2415 710 2470 bonus
728 2415 829 2470 humer
846 2417 910 2482 (sic,
937 2416 972 2483 of.
992 2415 1073 2485 Sim.)
1091 2432 1126 2485 9ο

106 2487 146 2552 (et
163 2485 208 2540 lae
226 2503 262 2540 m.
283 2487 358 2555 quod
374 2487 442 2540 beni
454 2486 583 2569 ,humeris
603 2489 646 2541 est
666 2487 742 2557 qued
761 2486 808 2544 Gr.
825 2489 886 2555 etc.)
902 2503 940 2569 p..
1008 2493 1023 2540 5
1045 2487 1124 2568 euxi-

105 2563 589 2696 Isllgnellnlugnlllrbiac'cfgllliloellim
604 2559 791 2698 enlliellllldl
813 2634 829 2683 8
848 2557 1127 2698 lelnolsmplllllungsyol

105 2699 183 2752 lenas
206 2716 229 2767 p
255 2701 299 2768 (ef.
326 2699 421 2754 Simon
445 2699 511 2754 Jau.
538 2715 559 2753 s.
583 2699 671 2768 lema,
693 2699 774 2768 lemi,
797 2700 895 2767 lenas).
1007 2705 1041 2754 10
1064 2704 1125 2754 s1or'1

106 2769 219 2843 effl<1s>
236 2787 255 2840 9
273 2770 308 2836 (si
328 2787 391 2823 oum
411 2769 537 2824 omnibus
557 2773 609 2840 ep).
710 2777 740 2825 11
762 2770 885 2840 occipito
903 2787 928 2840 9.
1025 2771 1125 2841 figens:

105 2842 174 2912 figes
196 2858 245 2910 pp,
269 2841 324 2912 fige
348 2858 369 2896 c.
478 2843 507 2896 et
525 2842 624 2896 addito
637 2859 668 2910 p.
772 2841 955 2896 scarilooione
974 2858 1004 2911 p:
1025 2841 1125 2896 —fica-

105 2914 182 2968 tione
202 2929 244 2982 op.
353 2918 386 2966 13
405 2911 450 2967 fac
466 2929 495 2982 9ε
518 2912 605 2968 facies
626 2930 667 2982 cp.
776 2916 915 2968 tumorem
929 2929 958 2982 9ε
984 2929 1065 2968 -res
1083 2928 1124 2982 cp.

106 2984 244 3039 chemosis
261 2999 291 3053 9ε
314 2982 430 3039 temesis
449 3000 475 3050 e,
494 2983 636 3040 themesio
649 3001 680 3054 p.
773 2990 806 3038 14
824 2982 986 3054 prepthesis
1003 3001 1035 3054 9,
1062 2999 1124 3053 pre-

105 3055 195 3110 thesis
214 3072 240 3122 c,
259 3055 385 3124 protosin
399 3071 429 3124 p.
503 3055 641 3110 chemosis
658 3072 704 3126 99,
724 3055 859 3110 themesis
878 3071 900 3110 c.
975 3059 1008 3109 15
1029 3055 1126 3110 cerato

105 3126 137 3180 is
163 3126 246 3180 unica
269 3130 313 3194 (ει
337 3125 600 3195 ceratoidestuniea)
623 3143 655 3198 9,
681 3129 773 3182 cerato
798 3127 824 3181 .i.
844 3126 941 3182 tunica
965 3143 979 3181 c
999 3126 1124 3196 (cheme-

107 3195 240 3252 soiserate
259 3197 276 3251 i.
295 3197 391 3252 tunice
409 3212 506 3266 appar.
520 3200 562 3266 p).
663 3203 695 3253 16
713 3196 877 3267 Prepbhosis
895 3213 921 3267 9,
939 3197 1083 3267 prothesis
1102 3213 1124 3266 c,

106 3267 228 3338 proteris
242 3285 273 3337 p.
383 3274 415 3322 17
440 3267 590 3324 difficulter
612 3285 634 3324 c.
743 3269 801 3324 neo
817 3271 912 3324 autem
930 3285 960 3338 p:
984 3269 1084 3334 Rhoe
1102 3284 1125 3336 o,

106 3358 177 3426 119.
278 3362 310 3412 18
330 3357 449 3412 castorei
469 3347 500 3412 owe
518 3363 562 3413 eri.
581 3356 674 3425 311⁰·
784 3363 819 3413 20
838 3358 918 3412 LIII
936 3357 1065 3427 923111
1084 3372 1125 3427 op.

108 3427 194 3497 colli}
211 3444 229 3497 9
247 3429 329 3497 (-ge
348 3445 371 3498 e,
391 3428 469 3498 -gis
485 3430 526 3498 p).
