<?xml version="1.0" encoding="UTF-8"?>
<!DOCTYPE html PUBLIC "-//W3C//DTD XHTML 1.0 Transitional//EN"
    "http://www.w3.org/TR/xhtml1/DTD/xhtml1-transitional.dtd">
<html xmlns="http://www.w3.org/1999/xhtml" xml:lang="en" lang="en">
 <head>
  <title>
</title>
<meta http-equiv="Content-Type" content="text/html;charset=utf-8" />
  <meta name='ocr-system' content='tesseract 3.04.00' />
  <meta name='ocr-capabilities' content='ocr_page ocr_carea ocr_par ocr_line ocrx_word'/>
</head>
<body>
  <div class='ocr_page' id='page_1' title='image "./cassiifelicisde01feligoog_0149.png"; bbox 0 0 2318 3788; ppageno 0'>
   <div class='ocr_carea' id='block_1_1' title="bbox 480 189 721 254">
    <p class='ocr_par' dir='ltr' id='par_1_1' title="bbox 480 189 721 254">
     <span class='ocr_line' id='line_1_1' title="bbox 480 189 721 254; baseline 0.012 -2"><span class='ocrx_word' id='word_1_1' title='bbox 480 189 721 254; x_wconf 78' lang='lat'><strong>-132-</strong></span> 
     </span>
    </p>
   </div>
   <div class='ocr_carea' id='block_1_2' title="bbox 58 324 1153 1911">
    <p class='ocr_par' dir='ltr' id='par_1_2' title="bbox 96 324 1125 689">
     <span class='ocr_line' id='line_1_2' title="bbox 96 324 1110 423; baseline -0.019 -22"><span class='ocrx_word' id='word_1_2' title='bbox 96 341 201 421; x_wconf 90' lang='lat' dir='ltr'>pulsus</span> <span class='ocrx_word' id='word_1_3' title='bbox 224 336 360 400; x_wconf 83' lang='lat' dir='ltr'>concedit</span> <span class='ocrx_word' id='word_1_4' title='bbox 383 345 413 398; x_wconf 91' lang='lat' dir='ltr'>ct</span> <span class='ocrx_word' id='word_1_5' title='bbox 436 354 545 416; x_wconf 91' lang='lat' dir='ltr'>corpus</span> <span class='ocrx_word' id='word_1_6' title='bbox 569 337 654 414; x_wconf 87' lang='lat' dir='ltr'>nigro</span> <span class='ocrx_word' id='word_1_7' title='bbox 677 331 779 393; x_wconf 92' lang='lat' dir='ltr'>colore</span> <span class='ocrx_word' id='word_1_8' title='bbox 805 329 956 391; x_wconf 80' lang='lat' dir='ltr'><strong>fuscatur.</strong></span> <span class='ocrx_word' id='word_1_9' title='bbox 994 324 1110 423; x_wconf 70' lang='lat' dir='ltr'>eflicitur</span> 
     </span>
     <span class='ocr_line' id='line_1_3' title="bbox 97 415 1125 498; baseline -0.019 -9"><span class='ocrx_word' id='word_1_10' title='bbox 97 447 133 489; x_wconf 83' lang='lat' dir='ltr'>en</span> <span class='ocrx_word' id='word_1_11' title='bbox 166 427 353 488; x_wconf 76' lang='lat' dir='ltr'>antecedenti</span> <span class='ocrx_word' id='word_1_12' title='bbox 385 427 531 486; x_wconf 88' lang='lat' dir='ltr'>maiorum</span> <span class='ocrx_word' id='word_1_13' title='bbox 563 422 699 483; x_wconf 89' lang='lat' dir='ltr'>ciborum</span> <span class='ocrx_word' id='word_1_14' title='bbox 731 419 938 498; x_wconf 81' lang='lat' dir='ltr'>indigestione</span> <span class='ocrx_word' id='word_1_15' title='bbox 973 415 1125 492; x_wconf 77' lang='lat' dir='ltr'>frequenti.</span> 
     </span>
     <span class='ocr_line' id='line_1_4' title="bbox 97 505 1109 600; baseline -0.016 -24"><span class='ocrx_word' id='word_1_16' title='bbox 97 526 148 577; x_wconf 92' lang='lat' dir='ltr'>aut</span> <span class='ocrx_word' id='word_1_17' title='bbox 179 514 326 596; x_wconf 89' lang='lat' dir='ltr'>prolunda</span> <span class='ocrx_word' id='word_1_18' title='bbox 353 514 546 592; x_wconf 76' lang='lat' dir='ltr'>perfrictione</span> <span class='ocrx_word' id='word_1_19' title='bbox 570 518 622 572; x_wconf 91' lang='lat' dir='ltr'>aut</span> <span class='ocrx_word' id='word_1_20' title='bbox 644 509 725 570; x_wconf 91' lang='lat' dir='ltr'>letali</span> <span class='ocrx_word' id='word_1_21' title='bbox 748 507 817 569; x_wconf 91' lang='lat' dir='ltr'>cibo</span> <span class='ocrx_word' id='word_1_22' title='bbox 842 508 907 568; x_wconf 85' lang='lat' dir='ltr'>sive</span> <span class='ocrx_word' id='word_1_23' title='bbox 931 505 1053 585; x_wconf 89' lang='lat' dir='ltr'>potione</span> <span class='ocrx_word' id='word_1_24' title='bbox 1071 516 1109 600; x_wconf 78' lang='lat' dir='ltr'>ac·</span> 
     </span>
     <span class='ocr_line' id='line_1_5' title="bbox 98 596 1108 689; baseline -0.016 -25"><span class='ocrx_word' id='word_1_25' title='bbox 98 613 183 684; x_wconf 91' lang='lat' dir='ltr'>cepta</span> <span class='ocrx_word' id='word_1_26' title='bbox 207 621 295 681; x_wconf 90' lang='lat' dir='ltr'>quam</span> <span class='ocrx_word' id='word_1_27' title='bbox 318 600 423 662; x_wconf 87' lang='lat' dir='ltr'>Graeci</span> <span class='ocrx_word' id='word_1_28' title='bbox 446 601 611 662; x_wconf 91' lang='lat' dir='ltr'>deleterion</span> <span class='ocrx_word' id='word_1_29' title='bbox 635 599 753 677; x_wconf 87' lang='lat' dir='ltr'>dicunt,</span> <span class='ocrx_word' id='word_1_30' title='bbox 776 604 812 657; x_wconf 87' lang='lat' dir='ltr'>ut</span> <span class='ocrx_word' id='word_1_31' title='bbox 836 596 940 673; x_wconf 81' lang='lat' dir='ltr'>fungis</span> <span class='ocrx_word' id='word_1_32' title='bbox 966 602 1108 689; x_wconf 66' lang='lat' dir='ltr'>venenosis</span> 
     </span>
    </p>

    <p class='ocr_par' dir='ltr' id='par_1_3' title="bbox 58 676 1153 1911">
     <span class='ocr_line' id='line_1_6' title="bbox 70 676 1109 769; baseline -0.008 -23"><span class='ocrx_word' id='word_1_33' title='bbox 70 705 83 746; x_wconf 82' lang='lat' dir='ltr'>s</span> <span class='ocrx_word' id='word_1_34' title='bbox 99 694 237 752; x_wconf 89' lang='lat' dir='ltr'>comestis</span> <span class='ocrx_word' id='word_1_35' title='bbox 252 697 303 750; x_wconf 87' lang='lat' dir='ltr'>aut</span> <span class='ocrx_word' id='word_1_36' title='bbox 321 692 459 769; x_wconf 89' lang='lat' dir='ltr'>quotiens</span> <span class='ocrx_word' id='word_1_37' title='bbox 481 691 664 750; x_wconf 90' lang='lat' dir='ltr'>intrinsecus</span> <span class='ocrx_word' id='word_1_38' title='bbox 677 689 709 746; x_wconf 92' lang='lat' dir='ltr'>in</span> <span class='ocrx_word' id='word_1_39' title='bbox 727 687 803 765; x_wconf 92' lang='lat' dir='ltr'>ipsis</span> <span class='ocrx_word' id='word_1_40' title='bbox 817 682 963 745; x_wconf 87' lang='lat' dir='ltr'>vitalibus</span> <span class='ocrx_word' id='word_1_41' title='bbox 983 676 1109 741; x_wconf 74' lang='lat' dir='ltr'>membru</span> 
     </span>
     <span class='ocr_line' id='line_1_7' title="bbox 99 768 1109 865; baseline -0.012 -26"><span class='ocrx_word' id='word_1_42' title='bbox 99 787 150 839; x_wconf 91' lang='lat' dir='ltr'>aut</span> <span class='ocrx_word' id='word_1_43' title='bbox 172 781 203 838; x_wconf 96' lang='lat' dir='ltr'>in</span> <span class='ocrx_word' id='word_1_44' title='bbox 226 781 290 858; x_wconf 93' lang='lat' dir='ltr'>ipso</span> <span class='ocrx_word' id='word_1_45' title='bbox 315 786 434 838; x_wconf 92' lang='lat' dir='ltr'>omento</span> <span class='ocrx_word' id='word_1_46' title='bbox 454 777 662 857; x_wconf 81' lang='lat' dir='ltr'>conquassatio</span> <span class='ocrx_word' id='word_1_47' title='bbox 686 781 738 835; x_wconf 85' lang='lat' dir='ltr'>aut</span> <span class='ocrx_word' id='word_1_48' title='bbox 761 773 897 853; x_wconf 88' lang='lat' dir='ltr'>diruptio</span> <span class='ocrx_word' id='word_1_49' title='bbox 922 771 1019 832; x_wconf 82' lang='lat' dir='ltr'>luerit</span> <span class='ocrx_word' id='word_1_50' title='bbox 1040 768 1109 865; x_wconf 66' lang='lat' dir='ltr'>lactc⁸</span> 
     </span>
     <span class='ocr_line' id='line_1_8' title="bbox 187 850 1110 958; baseline -0.015 -32"><span class='ocrx_word' id='word_1_51' title='bbox 187 869 218 926; x_wconf 93' lang='lat' dir='ltr'>in</span> <span class='ocrx_word' id='word_1_52' title='bbox 242 865 445 927; x_wconf 87' lang='lat' dir='ltr'>curationibus</span> <span class='ocrx_word' id='word_1_53' title='bbox 469 884 539 926; x_wconf 91' lang='lat' dir='ltr'>vero</span> <span class='ocrx_word' id='word_1_54' title='bbox 563 864 674 926; x_wconf 88' lang='lat' dir='ltr'>colicos</span> <span class='ocrx_word' id='word_1_55' title='bbox 698 869 833 943; x_wconf 84' lang='lat' dir='ltr'>oportet,</span> <span class='ocrx_word' id='word_1_56' title='bbox 864 859 896 921; x_wconf 94' lang='lat' dir='ltr'>id</span> <span class='ocrx_word' id='word_1_57' title='bbox 920 866 970 921; x_wconf 89' lang='lat' dir='ltr'>est</span> <span class='ocrx_word' id='word_1_58' title='bbox 994 858 1045 936; x_wconf 91' lang='lat' dir='ltr'>qui</span> <span class='ocrx_word' id='word_1_59' title='bbox 1057 850 1110 958; x_wconf 38' lang='lat' dir='ltr'>&#39;coli</span> 
     </span>
     <span class='ocr_line' id='line_1_9' title="bbox 98 941 1109 1032; baseline -0.012 -18"><span class='ocrx_word' id='word_1_60' title='bbox 98 956 232 1015; x_wconf 91' lang='lat' dir='ltr'>intestini</span> <span class='ocrx_word' id='word_1_61' title='bbox 259 962 375 1016; x_wconf 91' lang='lat' dir='ltr'>tantum</span> <span class='ocrx_word' id='word_1_62' title='bbox 403 973 491 1016; x_wconf 91' lang='lat' dir='ltr'>causa</span> <span class='ocrx_word' id='word_1_63' title='bbox 519 953 731 1032; x_wconf 89' lang='lat' dir='ltr'>laboraverint,</span> <span class='ocrx_word' id='word_1_64' title='bbox 759 951 904 1031; x_wconf 89' lang='lat' dir='ltr'>primitus</span> <span class='ocrx_word' id='word_1_65' title='bbox 927 950 960 1008; x_wconf 93' lang='lat' dir='ltr'>in</span> <span class='ocrx_word' id='word_1_66' title='bbox 986 941 1109 1007; x_wconf 77' lang='lat' dir='ltr'>crunbut</span> 
     </span>
     <span class='ocr_line' id='line_1_10' title="bbox 98 1034 1109 1122; baseline -0.011 -20"><span class='ocrx_word' id='word_1_67' title='bbox 98 1044 124 1102; x_wconf 90' lang='lat' dir='ltr'>si</span> <span class='ocrx_word' id='word_1_68' title='bbox 142 1044 220 1102; x_wconf 90' lang='lat' dir='ltr'>vires</span> <span class='ocrx_word' id='word_1_69' title='bbox 243 1044 397 1121; x_wconf 90' lang='lat' dir='ltr'>patiuntur</span> <span class='ocrx_word' id='word_1_70' title='bbox 416 1061 506 1122; x_wconf 91' lang='lat' dir='ltr'>snpra</span> <span class='ocrx_word' id='word_1_71' title='bbox 529 1041 604 1103; x_wconf 91' lang='lat' dir='ltr'>talos</span> <span class='ocrx_word' id='word_1_72' title='bbox 627 1042 789 1102; x_wconf 90' lang='lat' dir='ltr'>interiores</span> <span class='ocrx_word' id='word_1_73' title='bbox 811 1055 906 1100; x_wconf 90' lang='lat' dir='ltr'>venas</span> <span class='ocrx_word' id='word_1_74' title='bbox 930 1034 1109 1097; x_wconf 83' lang='lat' dir='ltr'>flebotomare</span> 
     </span>
     <span class='ocr_line' id='line_1_11' title="bbox 59 1118 1108 1208; baseline -0.01 -18"><span class='ocrx_word' id='word_1_75' title='bbox 59 1145 84 1184; x_wconf 78' lang='grc' dir='ltr'>ιο</span> <span class='ocrx_word' id='word_1_76' title='bbox 99 1138 129 1190; x_wconf 88' lang='lat' dir='ltr'>et</span> <span class='ocrx_word' id='word_1_77' title='bbox 152 1133 264 1190; x_wconf 91' lang='lat' dir='ltr'>ventris</span> <span class='ocrx_word' id='word_1_78' title='bbox 288 1133 532 1191; x_wconf 87' lang='lat' dir='ltr'>constrictionem</span> <span class='ocrx_word' id='word_1_79' title='bbox 560 1131 670 1190; x_wconf 90' lang='lat' dir='ltr'>acriori</span> <span class='ocrx_word' id='word_1_80' title='bbox 693 1128 822 1208; x_wconf 81' lang='lat' dir='ltr'>clystere</span> <span class='ocrx_word' id='word_1_81' title='bbox 846 1126 987 1188; x_wconf 85' lang='lat' dir='ltr'>relaxare</span> <span class='ocrx_word' id='word_1_82' title='bbox 1011 1141 1047 1184; x_wconf 84' lang='lat' dir='ltr'>ex</span> <span class='ocrx_word' id='word_1_83' title='bbox 1072 1118 1108 1179; x_wconf 84' lang='lat' dir='ltr'>de</span> 
     </span>
     <span class='ocr_line' id='line_1_12' title="bbox 99 1213 1110 1296; baseline -0.007 -17"><span class='ocrx_word' id='word_1_84' title='bbox 99 1221 233 1280; x_wconf 90' lang='lat' dir='ltr'>coctione</span> <span class='ocrx_word' id='word_1_85' title='bbox 266 1218 398 1279; x_wconf 85' lang='lat' dir='ltr'>cantabri</span> <span class='ocrx_word' id='word_1_86' title='bbox 428 1227 459 1280; x_wconf 88' lang='lat' dir='ltr'>et</span> <span class='ocrx_word' id='word_1_87' title='bbox 491 1217 703 1296; x_wconf 89' lang='lat' dir='ltr'>coloquintidis</span> <span class='ocrx_word' id='word_1_88' title='bbox 736 1234 807 1277; x_wconf 87' lang='lat' dir='ltr'>cum</span> <span class='ocrx_word' id='word_1_89' title='bbox 839 1215 909 1276; x_wconf 92' lang='lat' dir='ltr'>oleo</span> <span class='ocrx_word' id='word_1_90' title='bbox 941 1213 1062 1274; x_wconf 90' lang='lat' dir='ltr'>anetiuo</span> <span class='ocrx_word' id='word_1_91' title='bbox 1087 1213 1110 1266; x_wconf 78' lang='lat' dir='ltr'>el</span> 
     </span>
     <span class='ocr_line' id='line_1_13' title="bbox 98 1294 1109 1395; baseline -0.008 -29"><span class='ocrx_word' id='word_1_92' title='bbox 98 1309 241 1367; x_wconf 82' lang='lat' dir='ltr'>afronitro</span> <span class='ocrx_word' id='word_1_93' title='bbox 271 1326 339 1368; x_wconf 90' lang='lat' dir='ltr'>cum</span> <span class='ocrx_word' id='word_1_94' title='bbox 366 1307 452 1367; x_wconf 92' lang='lat' dir='ltr'>melle</span> <span class='ocrx_word' id='word_1_95' title='bbox 480 1306 605 1366; x_wconf 91' lang='lat' dir='ltr'>modico.</span> <span class='ocrx_word' id='word_1_96' title='bbox 647 1304 795 1366; x_wconf 89' lang='lat' dir='ltr'>utendum</span> <span class='ocrx_word' id='word_1_97' title='bbox 824 1306 918 1365; x_wconf 90' lang='lat' dir='ltr'>etiam</span> <span class='ocrx_word' id='word_1_98' title='bbox 948 1310 980 1364; x_wconf 88' lang='lat' dir='ltr'>et</span> <span class='ocrx_word' id='word_1_99' title='bbox 1009 1294 1109 1395; x_wconf 64' lang='lat' dir='ltr'>sacculo</span> 
     </span>
     <span class='ocr_line' id='line_1_14' title="bbox 99 1391 1111 1476; baseline -0.006 -22"><span class='ocrx_word' id='word_1_100' title='bbox 99 1395 192 1454; x_wconf 92' lang='lat' dir='ltr'>calido</span> <span class='ocrx_word' id='word_1_101' title='bbox 221 1413 257 1454; x_wconf 84' lang='lat' dir='ltr'>ex</span> <span class='ocrx_word' id='word_1_102' title='bbox 285 1395 440 1476; x_wconf 78' lang='lat' dir='ltr'>cantabro,</span> <span class='ocrx_word' id='word_1_103' title='bbox 472 1397 503 1454; x_wconf 93' lang='lat' dir='ltr'>in</span> <span class='ocrx_word' id='word_1_104' title='bbox 536 1413 594 1472; x_wconf 91' lang='lat' dir='ltr'>quo</span> <span class='ocrx_word' id='word_1_105' title='bbox 623 1401 710 1454; x_wconf 89' lang='lat' dir='ltr'>antea</span> <span class='ocrx_word' id='word_1_106' title='bbox 738 1394 833 1454; x_wconf 86' lang='lat' dir='ltr'>luerit</span> <span class='ocrx_word' id='word_1_107' title='bbox 867 1392 1016 1453; x_wconf 89' lang='lat' dir='ltr'>decoctus</span> <span class='ocrx_word' id='word_1_108' title='bbox 1046 1391 1111 1449; x_wconf 78' lang='lat' dir='ltr'>ancli</span> 
     </span>
     <span class='ocr_line' id='line_1_15' title="bbox 99 1477 1153 1562; baseline -0.007 -22"><span class='ocrx_word' id='word_1_109' title='bbox 99 1481 266 1560; x_wconf 89' lang='lat' dir='ltr'>manipulus</span> <span class='ocrx_word' id='word_1_110' title='bbox 297 1482 425 1542; x_wconf 82' lang='lat' dir='ltr'>admixto</span> <span class='ocrx_word' id='word_1_111' title='bbox 449 1482 565 1542; x_wconf 93' lang='lat' dir='ltr'>modico</span> <span class='ocrx_word' id='word_1_112' title='bbox 589 1482 668 1562; x_wconf 85' lang='lat' dir='ltr'>oleo,</span> <span class='ocrx_word' id='word_1_113' title='bbox 696 1490 727 1542; x_wconf 88' lang='lat' dir='ltr'>et</span> <span class='ocrx_word' id='word_1_114' title='bbox 755 1480 813 1541; x_wconf 91' lang='lat' dir='ltr'>sub</span> <span class='ocrx_word' id='word_1_115' title='bbox 841 1483 910 1561; x_wconf 91' lang='lat' dir='ltr'>ipsa</span> <span class='ocrx_word' id='word_1_116' title='bbox 934 1477 1110 1559; x_wconf 74' lang='lat' dir='ltr'>vaporatione</span> <span class='ocrx_word' id='word_1_117' title='bbox 1148 1480 1153 1491; x_wconf 91' lang='lat'>&#39;</span> 
     </span>
     <span class='ocr_line' id='line_1_16' title="bbox 58 1568 1153 1631; baseline -0.001 -9"><span class='ocrx_word' id='word_1_118' title='bbox 58 1582 84 1622; x_wconf 87' lang='lat'>15</span> <span class='ocrx_word' id='word_1_119' title='bbox 99 1568 228 1628; x_wconf 90' lang='lat' dir='ltr'>adhibita</span> <span class='ocrx_word' id='word_1_120' title='bbox 252 1572 335 1629; x_wconf 91' lang='lat' dir='ltr'>tenui</span> <span class='ocrx_word' id='word_1_121' title='bbox 357 1569 478 1629; x_wconf 91' lang='lat' dir='ltr'>linteolo</span> <span class='ocrx_word' id='word_1_122' title='bbox 503 1589 536 1630; x_wconf 90' lang='lat' dir='ltr'>ac</span> <span class='ocrx_word' id='word_1_123' title='bbox 560 1569 671 1630; x_wconf 91' lang='lat' dir='ltr'>mundo</span> <span class='ocrx_word' id='word_1_124' title='bbox 695 1578 727 1630; x_wconf 91' lang='lat' dir='ltr'>et</span> <span class='ocrx_word' id='word_1_125' title='bbox 746 1569 893 1631; x_wconf 81' lang='lat' dir='ltr'>calefacto</span> <span class='ocrx_word' id='word_1_126' title='bbox 914 1568 1059 1630; x_wconf 90' lang='lat' dir='ltr'>sudorem</span> <span class='ocrx_word' id='word_1_127' title='bbox 1074 1577 1109 1622; x_wconf 83' lang='lat' dir='ltr'>ex·</span> <span class='ocrx_word' id='word_1_128' title='bbox 1149 1570 1153 1577; x_wconf 90' lang='lat'>&#39;</span> 
     </span>
     <span class='ocr_line' id='line_1_17' title="bbox 99 1657 1110 1737; baseline -0.001 -21"><span class='ocrx_word' id='word_1_129' title='bbox 99 1659 221 1716; x_wconf 90' lang='lat' dir='ltr'>citatum</span> <span class='ocrx_word' id='word_1_130' title='bbox 245 1657 395 1737; x_wconf 79' lang='lat' dir='ltr'>deterges,</span> <span class='ocrx_word' id='word_1_131' title='bbox 424 1666 454 1717; x_wconf 92' lang='lat' dir='ltr'>et</span> <span class='ocrx_word' id='word_1_132' title='bbox 477 1676 567 1718; x_wconf 92' lang='lat' dir='ltr'>manu</span> <span class='ocrx_word' id='word_1_133' title='bbox 590 1658 731 1718; x_wconf 79' lang='lat' dir='ltr'>calefacta</span> <span class='ocrx_word' id='word_1_134' title='bbox 755 1657 922 1718; x_wconf 91' lang='lat' dir='ltr'>chalastico</span> <span class='ocrx_word' id='word_1_135' title='bbox 954 1664 1110 1736; x_wconf 60' lang='lat' dir='ltr'>perungue</span> 
     </span>
     <span class='ocr_line' id='line_1_18' title="bbox 99 1740 1153 1828; baseline -0.004 -24"><span class='ocrx_word' id='word_1_136' title='bbox 99 1745 237 1822; x_wconf 89' lang='lat' dir='ltr'>superius</span> <span class='ocrx_word' id='word_1_137' title='bbox 269 1746 301 1803; x_wconf 92' lang='lat' dir='ltr'>in</span> <span class='ocrx_word' id='word_1_138' title='bbox 333 1748 461 1804; x_wconf 90' lang='lat' dir='ltr'>tetanica</span> <span class='ocrx_word' id='word_1_139' title='bbox 493 1748 630 1824; x_wconf 90' lang='lat' dir='ltr'>passione</span> <span class='ocrx_word' id='word_1_140' title='bbox 663 1753 847 1828; x_wconf 85' lang='lat' dir='ltr'>memorato,</span> <span class='ocrx_word' id='word_1_141' title='bbox 882 1754 914 1806; x_wconf 89' lang='lat' dir='ltr'>et</span> <span class='ocrx_word' id='word_1_142' title='bbox 948 1743 1032 1805; x_wconf 89' lang='lat' dir='ltr'>molli</span> <span class='ocrx_word' id='word_1_143' title='bbox 1060 1740 1112 1800; x_wconf 80' lang='lat' dir='ltr'>lm</span> <span class='ocrx_word' id='word_1_144' title='bbox 1147 1808 1153 1813; x_wconf 55' lang='grc'><strong>,</strong></span> 
     </span>
     <span class='ocr_line' id='line_1_19' title="bbox 98 1823 1153 1911; baseline -0.006 -21"><span class='ocrx_word' id='word_1_145' title='bbox 98 1831 162 1891; x_wconf 91' lang='lat' dir='ltr'>loca</span> <span class='ocrx_word' id='word_1_146' title='bbox 190 1831 299 1891; x_wconf 89' lang='lat' dir='ltr'>tutabis</span> <span class='ocrx_word' id='word_1_147' title='bbox 323 1839 354 1891; x_wconf 90' lang='lat' dir='ltr'>et</span> <span class='ocrx_word' id='word_1_148' title='bbox 382 1832 525 1892; x_wconf 91' lang='lat' dir='ltr'>lasciabis.</span> <span class='ocrx_word' id='word_1_149' title='bbox 568 1836 657 1894; x_wconf 88' lang='lat' dir='ltr'>etiam</span> <span class='ocrx_word' id='word_1_150' title='bbox 681 1843 712 1894; x_wconf 90' lang='lat' dir='ltr'>et</span> <span class='ocrx_word' id='word_1_151' title='bbox 735 1834 915 1908; x_wconf 87' lang='lat' dir='ltr'>lenticulam</span> <span class='ocrx_word' id='word_1_152' title='bbox 940 1849 1059 1894; x_wconf 89' lang='lat' dir='ltr'>aeream</span> <span class='ocrx_word' id='word_1_153' title='bbox 1077 1823 1111 1887; x_wconf 82' lang='lat' dir='ltr'>rel</span> <span class='ocrx_word' id='word_1_154' title='bbox 1149 1902 1153 1911; x_wconf 33' lang='grc'>1</span> 
     </span>
    </p>
   </div>
   <div class='ocr_carea' id='block_1_3' title="bbox 58 1911 1153 2435">
    <p class='ocr_par' dir='ltr' id='par_1_4' title="bbox 58 1911 1153 2435">
     <span class='ocr_line' id='line_1_20' title="bbox 98 1911 1153 2002; baseline -0.003 -24"><span class='ocrx_word' id='word_1_155' title='bbox 98 1927 222 1978; x_wconf 88' lang='lat' dir='ltr'>testeam</span> <span class='ocrx_word' id='word_1_156' title='bbox 246 1919 340 1978; x_wconf 91' lang='lat' dir='ltr'>calida</span> <span class='ocrx_word' id='word_1_157' title='bbox 363 1920 506 1998; x_wconf 90' lang='lat' dir='ltr'>repletam</span> <span class='ocrx_word' id='word_1_158' title='bbox 535 1922 608 1999; x_wconf 90' lang='lat' dir='ltr'>ipsis</span> <span class='ocrx_word' id='word_1_159' title='bbox 631 1920 705 1982; x_wconf 89' lang='lat' dir='ltr'>locis</span> <span class='ocrx_word' id='word_1_160' title='bbox 728 1921 908 1984; x_wconf 88' lang='lat' dir='ltr'>dolentibus</span> <span class='ocrx_word' id='word_1_161' title='bbox 932 1937 1064 2002; x_wconf 91' lang='lat' dir='ltr'>appones</span> <span class='ocrx_word' id='word_1_162' title='bbox 1083 1911 1111 1975; x_wconf 88' lang='lat' dir='ltr'>ob</span> <span class='ocrx_word' id='word_1_163' title='bbox 1149 1924 1153 1929; x_wconf 87' lang='lat'>&#39;</span> 
     </span>
     <span class='ocr_line' id='line_1_21' title="bbox 58 2005 457 2082; baseline 0.018 -23"><span class='ocrx_word' id='word_1_164' title='bbox 58 2020 85 2059; x_wconf 80' lang='lat' dir='ltr'>eo</span> <span class='ocrx_word' id='word_1_165' title='bbox 99 2006 293 2082; x_wconf 82' lang='lat' dir='ltr'>mitigandum</span> <span class='ocrx_word' id='word_1_166' title='bbox 317 2005 457 2067; x_wconf 89' lang='lat' dir='ltr'>dolorem.</span> 
     </span>
     <span class='ocr_line' id='line_1_22' title="bbox 188 2088 1112 2176; baseline 0.013 -26"><span class='ocrx_word' id='word_1_167' title='bbox 188 2092 276 2152; x_wconf 90' lang='lat' dir='ltr'>aliud.</span> <span class='ocrx_word' id='word_1_168' title='bbox 313 2101 433 2153; x_wconf 92' lang='lat' dir='ltr'>anetum</span> <span class='ocrx_word' id='word_1_169' title='bbox 457 2102 487 2154; x_wconf 90' lang='lat' dir='ltr'>et</span> <span class='ocrx_word' id='word_1_170' title='bbox 511 2098 660 2174; x_wconf 82' lang='lat' dir='ltr'>cyminum</span> <span class='ocrx_word' id='word_1_171' title='bbox 684 2095 840 2176; x_wconf 91' lang='lat' dir='ltr'>decoques</span> <span class='ocrx_word' id='word_1_172' title='bbox 865 2101 897 2159; x_wconf 92' lang='lat' dir='ltr'>in</span> <span class='ocrx_word' id='word_1_173' title='bbox 924 2099 987 2160; x_wconf 91' lang='lat' dir='ltr'>olei</span> <span class='ocrx_word' id='word_1_174' title='bbox 1008 2112 1043 2162; x_wconf 85' lang='lat'>÷</span> <span class='ocrx_word' id='word_1_175' title='bbox 1063 2088 1112 2169; x_wconf 72' lang='grc' dir='ltr'>ΗΠ,</span> 
     </span>
     <span class='ocr_line' id='line_1_23' title="bbox 100 2180 1112 2263; baseline 0.006 -26"><span class='ocrx_word' id='word_1_176' title='bbox 100 2188 130 2238; x_wconf 85' lang='lat' dir='ltr'>et</span> <span class='ocrx_word' id='word_1_177' title='bbox 152 2180 256 2239; x_wconf 86' lang='lat' dir='ltr'>inicias</span> <span class='ocrx_word' id='word_1_178' title='bbox 279 2187 347 2258; x_wconf 87' lang='lat' dir='ltr'>post</span> <span class='ocrx_word' id='word_1_179' title='bbox 370 2180 584 2259; x_wconf 89' lang='lat' dir='ltr'>depositionem</span> <span class='ocrx_word' id='word_1_180' title='bbox 608 2187 732 2244; x_wconf 87' lang='lat' dir='ltr'>ventris.</span> <span class='ocrx_word' id='word_1_181' title='bbox 771 2194 825 2246; x_wconf 90' lang='lat' dir='ltr'>aut</span> <span class='ocrx_word' id='word_1_182' title='bbox 849 2196 954 2249; x_wconf 92' lang='lat' dir='ltr'>rutam</span> <span class='ocrx_word' id='word_1_183' title='bbox 980 2188 1112 2263; x_wconf 84' lang='lat' dir='ltr'>decoques</span> 
     </span>
     <span class='ocr_line' id='line_1_24' title="bbox 100 2263 1112 2337; baseline 0.01 -12"><span class='ocrx_word' id='word_1_184' title='bbox 100 2265 236 2325; x_wconf 90' lang='lat' dir='ltr'>similiter</span> <span class='ocrx_word' id='word_1_185' title='bbox 263 2269 294 2325; x_wconf 92' lang='lat' dir='ltr'>in</span> <span class='ocrx_word' id='word_1_186' title='bbox 322 2267 387 2326; x_wconf 90' lang='lat' dir='ltr'>oleo</span> <span class='ocrx_word' id='word_1_187' title='bbox 416 2275 446 2327; x_wconf 89' lang='lat' dir='ltr'>et</span> <span class='ocrx_word' id='word_1_188' title='bbox 474 2268 650 2331; x_wconf 88' lang='lat' dir='ltr'>admiscebis</span> <span class='ocrx_word' id='word_1_189' title='bbox 679 2274 812 2333; x_wconf 91' lang='lat' dir='ltr'>resinam</span> <span class='ocrx_word' id='word_1_190' title='bbox 841 2275 1060 2337; x_wconf 90' lang='lat' dir='ltr'>terebintinam</span> <span class='ocrx_word' id='word_1_191' title='bbox 1087 2263 1112 2329; x_wconf 75' lang='lat' dir='ltr'>dl</span> 
     </span>
     <span class='ocr_line' id='line_1_25' title="bbox 100 2351 1153 2435; baseline 0.015 -25"><span class='ocrx_word' id='word_1_192' title='bbox 100 2351 220 2411; x_wconf 89' lang='lat' dir='ltr'>modum</span> <span class='ocrx_word' id='word_1_193' title='bbox 244 2353 381 2413; x_wconf 89' lang='lat' dir='ltr'>coclearii</span> <span class='ocrx_word' id='word_1_194' title='bbox 404 2357 506 2435; x_wconf 89' lang='lat' dir='ltr'>unius,</span> <span class='ocrx_word' id='word_1_195' title='bbox 530 2365 560 2417; x_wconf 90' lang='lat' dir='ltr'>et</span> <span class='ocrx_word' id='word_1_196' title='bbox 582 2360 696 2419; x_wconf 91' lang='lat' dir='ltr'>inicies.</span> <span class='ocrx_word' id='word_1_197' title='bbox 1147 2364 1153 2375; x_wconf 80' lang='grc'>’</span> 
     </span>
    </p>
   </div>
   <div class='ocr_carea' id='block_1_4' title="bbox 58 2440 1112 2528">
    <p class='ocr_par' dir='ltr' id='par_1_5' title="bbox 58 2437 1153 2538">
     <span class='ocr_line' id='line_1_26' title="bbox 58 2440 1112 2528; baseline 0.013 -33"><span class='ocrx_word' id='word_1_198' title='bbox 58 2452 84 2493; x_wconf 77' lang='lat'>25</span> <span class='ocrx_word' id='word_1_199' title='bbox 188 2440 274 2499; x_wconf 91' lang='lat' dir='ltr'>aliud.</span> <span class='ocrx_word' id='word_1_200' title='bbox 324 2459 441 2520; x_wconf 89' lang='lat' dir='ltr'>enema,</span> <span class='ocrx_word' id='word_1_201' title='bbox 473 2443 503 2501; x_wconf 92' lang='lat' dir='ltr'>id</span> <span class='ocrx_word' id='word_1_202' title='bbox 531 2453 577 2504; x_wconf 85' lang='lat' dir='ltr'>est</span> <span class='ocrx_word' id='word_1_203' title='bbox 603 2447 740 2528; x_wconf 87' lang='lat' dir='ltr'>iniectio,</span> <span class='ocrx_word' id='word_1_204' title='bbox 769 2449 888 2512; x_wconf 87' lang='lat' dir='ltr'>iaciens</span> <span class='ocrx_word' id='word_1_205' title='bbox 919 2453 958 2514; x_wconf 92' lang='lat' dir='ltr'>ad</span> <span class='ocrx_word' id='word_1_206' title='bbox 988 2459 1112 2514; x_wconf 78' lang='lat' dir='ltr'>tumores.</span> 
     </span>
    </p>
   </div>
   <div class='ocr_carea' id='block_1_5' title="bbox 98 2677 1113 2835">
    <p class='ocr_par' dir='ltr' id='par_1_6' title="bbox 98 2677 1113 2835">
     <span class='ocr_line' id='line_1_27' title="bbox 171 2677 1112 2761; baseline 0.018 -32"><span class='ocrx_word' id='word_1_207' title='bbox 171 2683 185 2729; x_wconf 90' lang='lat'>1</span> <span class='ocrx_word' id='word_1_208' title='bbox 206 2683 239 2730; x_wconf 79' lang='lat' dir='ltr'>cit</span> <span class='ocrx_word' id='word_1_209' title='bbox 259 2677 335 2732; x_wconf 72' lang='lat' dir='ltr'>cadit</span> <span class='ocrx_word' id='word_1_210' title='bbox 353 2695 375 2734; x_wconf 88' lang='lat' dir='ltr'>c.</span> <span class='ocrx_word' id='word_1_211' title='bbox 451 2680 495 2734; x_wconf 85' lang='lat' dir='ltr'>eff.</span> <span class='ocrx_word' id='word_1_212' title='bbox 514 2681 609 2735; x_wconf 78' lang='lat' dir='ltr'>aulem</span> <span class='ocrx_word' id='word_1_213' title='bbox 628 2698 651 2736; x_wconf 91' lang='lat' dir='ltr'>e.</span> <span class='ocrx_word' id='word_1_214' title='bbox 667 2699 698 2751; x_wconf 85' lang='lat' dir='ltr'>p.</span> <span class='ocrx_word' id='word_1_215' title='bbox 779 2693 797 2740; x_wconf 82' lang='lat'><strong>2</strong></span> <span class='ocrx_word' id='word_1_216' title='bbox 817 2691 969 2748; x_wconf 81' lang='lat' dir='ltr'>malorum</span> <span class='ocrx_word' id='word_1_217' title='bbox 988 2711 1004 2751; x_wconf 90' lang='lat' dir='ltr'>c</span> <span class='ocrx_word' id='word_1_218' title='bbox 1020 2686 1112 2761; x_wconf 73' lang='lat' dir='ltr'>(Patr-l·</span> 
     </span>
     <span class='ocr_line' id='line_1_28' title="bbox 98 2747 1113 2835; baseline 0.008 -35"><span class='ocrx_word' id='word_1_219' title='bbox 98 2747 224 2800; x_wconf 90' lang='lat' dir='ltr'>ciborum</span> <span class='ocrx_word' id='word_1_220' title='bbox 242 2762 292 2800; x_wconf 82' lang='lat' dir='ltr'>om.</span> <span class='ocrx_word' id='word_1_221' title='bbox 311 2763 333 2802; x_wconf 90' lang='lat' dir='ltr'>c.</span> <span class='ocrx_word' id='word_1_222' title='bbox 423 2750 655 2818; x_wconf 79' lang='lat' dir='ltr'>aperfrieatione</span> <span class='ocrx_word' id='word_1_223' title='bbox 669 2770 701 2822; x_wconf 80' lang='lat' dir='ltr'>p.</span> <span class='ocrx_word' id='word_1_224' title='bbox 796 2762 918 2829; x_wconf 65' lang='lat' dir='ltr'>tgreei</span> <span class='ocrx_word' id='word_1_225' title='bbox 943 2781 997 2820; x_wconf 67' lang='lat' dir='ltr'>om,</span> <span class='ocrx_word' id='word_1_226' title='bbox 1013 2782 1043 2835; x_wconf 65' lang='grc' dir='ltr'>Ρ,</span> <span class='ocrx_word' id='word_1_227' title='bbox 1102 2759 1113 2808; x_wconf 80' lang='lat' dir='ltr'>i</span> 
     </span>
    </p>
   </div>
   <div class='ocr_carea' id='block_1_6' title="bbox 96 2816 1139 3172">
    <p class='ocr_par' dir='ltr' id='par_1_7' title="bbox 96 2816 1139 3172">
     <span class='ocr_line' id='line_1_29' title="bbox 96 2816 1114 2900; baseline 0.019 -32"><span class='ocrx_word' id='word_1_228' title='bbox 96 2816 174 2869; x_wconf 83' lang='lat' dir='ltr'>facta</span> <span class='ocrx_word' id='word_1_229' title='bbox 189 2833 221 2882; x_wconf 84' lang='lat' dir='ltr'>p:</span> <span class='ocrx_word' id='word_1_230' title='bbox 241 2818 308 2870; x_wconf 83' lang='lat' dir='ltr'>nata</span> <span class='ocrx_word' id='word_1_231' title='bbox 327 2832 348 2870; x_wconf 89' lang='lat' dir='ltr'>e.</span> <span class='ocrx_word' id='word_1_232' title='bbox 423 2820 591 2875; x_wconf 72' lang='lat' dir='ltr'>icolerioos</span> <span class='ocrx_word' id='word_1_233' title='bbox 604 2838 635 2890; x_wconf 81' lang='lat' dir='ltr'>p.</span> <span class='ocrx_word' id='word_1_234' title='bbox 709 2825 768 2880; x_wconf 92' lang='lat' dir='ltr'>coli</span> <span class='ocrx_word' id='word_1_235' title='bbox 782 2843 836 2883; x_wconf 79' lang='lat' dir='ltr'>oen.</span> <span class='ocrx_word' id='word_1_236' title='bbox 852 2848 886 2900; x_wconf 78' lang='lat' dir='ltr'>p.</span> <span class='ocrx_word' id='word_1_237' title='bbox 970 2841 1004 2890; x_wconf 90' lang='lat'>11</span> <span class='ocrx_word' id='word_1_238' title='bbox 1024 2836 1053 2890; x_wconf 82' lang='lat' dir='ltr'>eb</span> <span class='ocrx_word' id='word_1_239' title='bbox 1067 2826 1114 2886; x_wconf 75' lang='lat' dir='ltr'>coll</span> 
     </span>
     <span class='ocr_line' id='line_1_30' title="bbox 97 2884 1114 2968; baseline 0.024 -32"><span class='ocrx_word' id='word_1_240' title='bbox 97 2884 166 2952; x_wconf 90' lang='lat' dir='ltr'>quin</span> <span class='ocrx_word' id='word_1_241' title='bbox 189 2884 273 2938; x_wconf 82' lang='lat' dir='ltr'>etiam</span> <span class='ocrx_word' id='word_1_242' title='bbox 297 2887 326 2939; x_wconf 80' lang='lat' dir='ltr'>el</span> <span class='ocrx_word' id='word_1_243' title='bbox 349 2889 443 2942; x_wconf 77' lang='lat' dir='ltr'>seculo</span> <span class='ocrx_word' id='word_1_244' title='bbox 462 2894 509 2943; x_wconf 84' lang='lat' dir='ltr'>etc.</span> <span class='ocrx_word' id='word_1_245' title='bbox 529 2893 590 2957; x_wconf 89' lang='lat' dir='ltr'>(om.</span> <span class='ocrx_word' id='word_1_246' title='bbox 614 2891 682 2946; x_wconf 81' lang='lat' dir='ltr'>tidie</span> <span class='ocrx_word' id='word_1_247' title='bbox 702 2911 768 2949; x_wconf 89' lang='lat' dir='ltr'>cum</span> <span class='ocrx_word' id='word_1_248' title='bbox 793 2899 862 2956; x_wconf 90' lang='lat' dir='ltr'>olco</span> <span class='ocrx_word' id='word_1_249' title='bbox 883 2934 920 2943; x_wconf 92' lang='lat'><em>-</em></span> <span class='ocrx_word' id='word_1_250' title='bbox 941 2903 1085 2968; x_wconf 76' lang='lat' dir='ltr'>utendum)</span> <span class='ocrx_word' id='word_1_251' title='bbox 1098 2911 1114 2951; x_wconf 83' lang='lat' dir='ltr'>t.</span> 
     </span>
     <span class='ocr_line' id='line_1_31' title="bbox 99 2952 1139 3040; baseline 0.021 -33"><span class='ocrx_word' id='word_1_252' title='bbox 99 2960 131 3007; x_wconf 85' lang='lat'>13</span> <span class='ocrx_word' id='word_1_253' title='bbox 151 2952 297 3008; x_wconf 77' lang='lat' dir='ltr'>decoctum</span> <span class='ocrx_word' id='word_1_254' title='bbox 315 2971 340 3010; x_wconf 84' lang='lat' dir='ltr'>a.</span> <span class='ocrx_word' id='word_1_255' title='bbox 359 2958 545 3027; x_wconf 84' lang='lat' dir='ltr'>manipulum:</span> <span class='ocrx_word' id='word_1_256' title='bbox 564 2961 604 3014; x_wconf 83' lang='lat' dir='ltr'>sic</span> <span class='ocrx_word' id='word_1_257' title='bbox 622 2977 662 3028; x_wconf 75' lang='lat' dir='ltr'>ep.</span> <span class='ocrx_word' id='word_1_258' title='bbox 774 2973 811 3022; x_wconf 84' lang='lat'>14</span> <span class='ocrx_word' id='word_1_259' title='bbox 830 2970 897 3040; x_wconf 88' lang='lat' dir='ltr'>ipso</span> <span class='ocrx_word' id='word_1_260' title='bbox 918 2991 942 3030; x_wconf 89' lang='lat' dir='ltr'>e.</span> <span class='ocrx_word' id='word_1_261' title='bbox 1052 2966 1139 3039; x_wconf 71' lang='lat' dir='ltr'>tad,</span> 
     </span>
     <span class='ocr_line' id='line_1_32' title="bbox 97 3025 1115 3103; baseline 0.022 -29"><span class='ocrx_word' id='word_1_262' title='bbox 97 3025 305 3091; x_wconf 77' lang='lat' dir='ltr'>(pastinando)</span> <span class='ocrx_word' id='word_1_263' title='bbox 325 3041 375 3080; x_wconf 86' lang='lat' dir='ltr'>om.</span> <span class='ocrx_word' id='word_1_264' title='bbox 390 3045 419 3096; x_wconf 83' lang='lat' dir='ltr'>p.</span> <span class='ocrx_word' id='word_1_265' title='bbox 502 3035 536 3084; x_wconf 86' lang='lat'>18</span> <span class='ocrx_word' id='word_1_266' title='bbox 553 3029 618 3082; x_wconf 82' lang='lat' dir='ltr'>loca</span> <span class='ocrx_word' id='word_1_267' title='bbox 635 3047 667 3098; x_wconf 81' lang='lat' dir='ltr'>p:</span> <span class='ocrx_word' id='word_1_268' title='bbox 686 3032 754 3088; x_wconf 75' lang='lat' dir='ltr'>locst</span> <span class='ocrx_word' id='word_1_269' title='bbox 773 3054 797 3092; x_wconf 87' lang='lat' dir='ltr'>c.</span> <span class='ocrx_word' id='word_1_270' title='bbox 874 3044 993 3103; x_wconf 67' lang='lat' dir='ltr'>tutabis</span> <span class='ocrx_word' id='word_1_271' title='bbox 1006 3064 1033 3102; x_wconf 83' lang='lat' dir='ltr'>c:</span> <span class='ocrx_word' id='word_1_272' title='bbox 1051 3040 1115 3100; x_wconf 78' lang='lat' dir='ltr'>tuba·</span> 
     </span>
     <span class='ocr_line' id='line_1_33' title="bbox 96 3091 1114 3172; baseline 0.026 -30"><span class='ocrx_word' id='word_1_273' title='bbox 96 3091 140 3144; x_wconf 87' lang='lat' dir='ltr'>bis</span> <span class='ocrx_word' id='word_1_274' title='bbox 155 3092 294 3160; x_wconf 79' lang='lat' dir='ltr'>(utsupra</span> <span class='ocrx_word' id='word_1_275' title='bbox 307 3101 419 3167; x_wconf 81' lang='lat' dir='ltr'>semper)</span> <span class='ocrx_word' id='word_1_276' title='bbox 429 3115 459 3166; x_wconf 83' lang='lat' dir='ltr'>p.</span> <span class='ocrx_word' id='word_1_277' title='bbox 528 3097 613 3152; x_wconf 80' lang='lat' dir='ltr'>etiam</span> <span class='ocrx_word' id='word_1_278' title='bbox 628 3129 662 3140; x_wconf 91' lang='lat'><em>-</em></span> <span class='ocrx_word' id='word_1_279' title='bbox 677 3101 847 3165; x_wconf 79' lang='lat' dir='ltr'>dolentibus</span> <span class='ocrx_word' id='word_1_280' title='bbox 862 3129 918 3169; x_wconf 82' lang='lat' dir='ltr'>om.</span> <span class='ocrx_word' id='word_1_281' title='bbox 934 3133 958 3172; x_wconf 89' lang='lat' dir='ltr'>c.</span> <span class='ocrx_word' id='word_1_282' title='bbox 1037 3120 1067 3172; x_wconf 73' lang='grc'>19</span> <span class='ocrx_word' id='word_1_283' title='bbox 1080 3109 1114 3167; x_wconf 70' lang='lat' dir='ltr'>ab</span> 
     </span>
    </p>
   </div>
   <div class='ocr_carea' id='block_1_7' title="bbox 94 3165 1117 3483">
    <p class='ocr_par' dir='ltr' id='par_1_8' title="bbox 94 3165 1117 3483">
     <span class='ocr_line' id='line_1_34' title="bbox 96 3165 1115 3292; baseline 0.036 -47"><span class='ocrx_word' id='word_1_284' title='bbox 96 3192 266 3260; x_wconf 79' lang='lat' dir='ltr'>mittigando</span> <span class='ocrx_word' id='word_1_285' title='bbox 281 3214 303 3262; x_wconf 64' lang='grc' dir='ltr'>ο,</span> <span class='ocrx_word' id='word_1_286' title='bbox 317 3165 525 3271; x_wconf 49' lang='lat' dir='ltr'>limitanda</span> <span class='ocrx_word' id='word_1_287' title='bbox 539 3219 570 3271; x_wconf 73' lang='lat' dir='ltr'>p.</span> <span class='ocrx_word' id='word_1_288' title='bbox 645 3211 979 3292; x_wconf 61' lang='lat' dir='ltr'>21aneeummvna0v)</span> <span class='ocrx_word' id='word_1_289' title='bbox 996 3225 1115 3277; x_wconf 69' lang='lat'>-242</span> 
     </span>
     <span class='ocr_line' id='line_1_35' title="bbox 98 3262 1116 3366; baseline 0.04 -54"><span class='ocrx_word' id='word_1_290' title='bbox 98 3263 147 3344; x_wconf 68' lang='lat' dir='ltr'>ro.</span> <span class='ocrx_word' id='word_1_291' title='bbox 168 3262 229 3316; x_wconf 74' lang='lat' dir='ltr'>car.</span> <span class='ocrx_word' id='word_1_292' title='bbox 251 3266 339 3336; x_wconf 75' lang='lat' dir='ltr'>xzr,</span> <span class='ocrx_word' id='word_1_293' title='bbox 358 3275 420 3327; x_wconf 84' lang='lat'><strong><em>379.</em></strong></span> <span class='ocrx_word' id='word_1_294' title='bbox 494 3271 579 3327; x_wconf 73' lang='lat' dir='ltr'>amn</span> <span class='ocrx_word' id='word_1_295' title='bbox 592 3289 623 3341; x_wconf 70' lang='lat' dir='ltr'>p,</span> <span class='ocrx_word' id='word_1_296' title='bbox 642 3292 748 3332; x_wconf 76' lang='lat' dir='ltr'>-num</span> <span class='ocrx_word' id='word_1_297' title='bbox 768 3298 783 3336; x_wconf 66' lang='grc' dir='ltr'><strong>ο</strong></span> <span class='ocrx_word' id='word_1_298' title='bbox 802 3285 852 3366; x_wconf 72' lang='lat' dir='ltr'>&lt;cf-</span> <span class='ocrx_word' id='word_1_299' title='bbox 874 3289 944 3349; x_wconf 66' lang='grc' dir='ltr'>σαι.</span> <span class='ocrx_word' id='word_1_300' title='bbox 963 3293 1041 3362; x_wconf 83' lang='lat' dir='ltr'>xm,</span> <span class='ocrx_word' id='word_1_301' title='bbox 1059 3284 1116 3353; x_wconf 79' lang='lat' dir='ltr'>eul-</span> 
     </span>
     <span class='ocr_line' id='line_1_36' title="bbox 95 3330 1117 3428; baseline 0.035 -50"><span class='ocrx_word' id='word_1_302' title='bbox 95 3354 123 3396; x_wconf 56' lang='grc' dir='ltr'>Τ</span> <span class='ocrx_word' id='word_1_303' title='bbox 142 3330 203 3383; x_wconf 91' lang='lat' dir='ltr'>llll.</span> <span class='ocrx_word' id='word_1_304' title='bbox 217 3349 249 3398; x_wconf 83' lang='lat' dir='ltr'>p,</span> <span class='ocrx_word' id='word_1_305' title='bbox 270 3333 371 3400; x_wconf 56' lang='lat' dir='ltr'>Mill.</span> <span class='ocrx_word' id='word_1_306' title='bbox 392 3358 413 3395; x_wconf 87' lang='lat' dir='ltr'>c.</span> <span class='ocrx_word' id='word_1_307' title='bbox 490 3348 524 3396; x_wconf 82' lang='lat'>23</span> <span class='ocrx_word' id='word_1_308' title='bbox 543 3342 570 3395; x_wconf 87' lang='lat' dir='ltr'>d.</span> <span class='ocrx_word' id='word_1_309' title='bbox 589 3344 620 3395; x_wconf 91' lang='lat' dir='ltr'>in</span> <span class='ocrx_word' id='word_1_310' title='bbox 638 3343 701 3399; x_wconf 88' lang='lat' dir='ltr'>oleo</span> <span class='ocrx_word' id='word_1_311' title='bbox 725 3348 865 3410; x_wconf 75' lang='lat' dir='ltr'>simihter</span> <span class='ocrx_word' id='word_1_312' title='bbox 879 3377 914 3428; x_wconf 78' lang='lat' dir='ltr'>p.</span> <span class='ocrx_word' id='word_1_313' title='bbox 993 3361 1117 3420; x_wconf 74' lang='lat' dir='ltr'>admisce</span> 
     </span>
     <span class='ocr_line' id='line_1_37' title="bbox 94 3406 576 3483; baseline 0.044 -36"><span class='ocrx_word' id='word_1_314' title='bbox 94 3416 135 3466; x_wconf 59' lang='lat' dir='ltr'>pp.</span> <span class='ocrx_word' id='word_1_315' title='bbox 209 3406 244 3453; x_wconf 82' lang='lat'>24</span> <span class='ocrx_word' id='word_1_316' title='bbox 263 3406 354 3464; x_wconf 89' lang='lat' dir='ltr'>cocl&#39;r.</span> <span class='ocrx_word' id='word_1_317' title='bbox 373 3410 394 3467; x_wconf 87' lang='lat' dir='ltr'>I.</span> <span class='ocrx_word' id='word_1_318' title='bbox 414 3411 463 3481; x_wconf 74' lang='lat'><strong>(1⁹.</strong></span> <span class='ocrx_word' id='word_1_319' title='bbox 479 3413 511 3483; x_wconf 87' lang='lat' dir='ltr'>p)</span> <span class='ocrx_word' id='word_1_320' title='bbox 534 3428 576 3482; x_wconf 85' lang='lat' dir='ltr'>op.</span> 
     </span>
    </p>
   </div>
   <div class='ocr_carea' id='block_1_8' title="bbox 0 0 1166 3788">
    <p class='ocr_par' dir='ltr' id='par_1_9' title="bbox 0 0 1166 3788">
     <span class='ocr_line' id='line_1_38' title="bbox 0 0 1166 3788; baseline 0 0"><span class='ocrx_word' id='word_1_321' title='bbox 0 0 1166 3788; x_wconf 95' lang='lat' dir='ltr'> </span> 
     </span>
    </p>
   </div>
  </div>
 </body>
</html>
