2318 3788
348 154 589 280 ss131-

57 360 137 440 quod
166 360 309 440 aliquanti
337 361 510 421 inferiorem
537 359 736 422 ventriculum
769 360 880 422 dicunt.
926 382 971 425 se·

35 469 58 510 u
95 457 196 510 autem
232 458 369 528 aegrotos
408 449 492 509 dolor
524 452 605 510 iuxta
642 447 815 510 umbilicum
852 452 972 518 initians

35 545 130 599 tenter
158 557 174 597 a
202 541 323 598 sinistro
351 538 414 619 ilio,
442 537 599 616 aliquando
623 557 638 598 a
667 537 786 620 dextro,
809 557 877 600 cum
901 559 971 600 con·

35 631 110 689 :ione
143 629 256 687 ventris
290 635 319 687 et
352 627 463 687 doloris
497 629 659 706 punctione
697 627 885 689 discurrente
917 647 972 709 per

35 716 70 776 da
98 718 212 776 ventris
242 715 320 797 loca,
351 715 508 794 aliquando
541 733 637 794 usque
665 717 701 776 ad
732 716 843 796 splenis
870 726 998 797 partes⁵

35 807 132 885 epatis,
181 805 311 865 efficitur
341 811 465 882 cogente
495 804 657 865 interclusa
686 807 862 866 ventositate
893 809 972 868 inter
1034 834 1037 841 ·

35 913 55 954 n
82 901 112 954 et
139 895 334 972 peritonaeon
362 890 412 972 <id
441 890 507 973 est>
537 892 739 954 membranam
768 912 857 973 quam
885 895 972 976 vulgo

35 1001 90 1044 tam
114 982 231 1063 dieunt,
255 1000 329 1061 quae
353 989 488 1042 ventrem
511 981 567 1042 sub
591 989 660 1042 cute
684 985 896 1045 circumvestit.
942 993 973 1045 et

42 1073 141 1151 passio
157 1079 315 1150 augmento
330 1071 446 1131 dierum
462 1072 599 1151 creverit,
618 1073 754 1150 sequitur
769 1074 972 1154 insomnietas,

35 1160 98 1221 cula
126 1167 157 1220 et
185 1163 287 1219 nausia
316 1178 384 1221 cum
412 1160 562 1238 frequenti
594 1163 706 1221 vomitu
738 1160 872 1221 humoris
901 1160 970 1242 lleg·
987 1179 1012 1218 ιο

35 1251 68 1331 ti,
96 1247 252 1327 aliquando
281 1247 374 1308 lelliti.
422 1250 468 1308 sin
496 1266 566 1308 vero
595 1248 744 1310 modicum
776 1257 859 1309 retro
892 1252 972 1310 eirca

35 1357 43 1398 s
65 1346 118 1399 aut
140 1340 219 1397 eirca
243 1337 374 1397 urinales
397 1339 472 1417 vias,
496 1353 569 1416 quas
593 1335 698 1398 Graeci
721 1339 856 1398 ureticus
878 1357 972 1417 porus

35 1435 69 1507 nt,
88 1425 188 1487 subito
208 1434 295 1486 natus
315 1427 405 1486 fuerit
424 1425 508 1485 dolor
527 1425 664 1486 similiter
682 1435 717 1487 ut
733 1425 834 1486 colicis
852 1433 972 1506 praeter

35 1524 98 1576 tum
121 1522 152 1574 et
176 1516 420 1574 constrictionem
441 1516 554 1575 ventris
574 1522 603 1574 et
622 1508 810 1596 febriculam,
833 1517 971 1576 vastioris

35 1606 59 1663 is
83 1605 327 1663 constrictionem
351 1605 381 1662 in
405 1602 528 1663 renibus
552 1604 705 1682 significat.
987 1620 1012 1662 15

43 1692 116 1752 ileos
135 1700 236 1752 autem
254 1693 315 1751 sive
336 1691 518 1770 chordapsus
538 1699 584 1752 est
602 1695 773 1754 acutissima
795 1701 826 1753 et
850 1694 972 1754 molesta

43 1780 222 1840 abstinentia
240 1782 353 1840 ventris
372 1788 402 1840 et
420 1782 531 1841 vomitu
551 1788 581 1840 et
604 1784 737 1845 omnium
761 1783 972 1842 intestinorum

35 1888 71 1929 re
95 1868 237 1928 distentio
262 1887 330 1928 cum
353 1871 483 1929 tortione
507 1868 596 1929 simili
618 1877 752 1930 torturae
783 1868 970 1930 chordarum.

53 1975 162 2017 nomen
185 1956 259 2017 ileos
278 1959 339 2018 sive
359 1955 543 2037 chordapsus
567 1959 689 2036 aceepit.
727 1965 757 2016 et
780 1975 849 2017 cum
871 1961 971 2037 passio

35 2064 122 2106 :scere
146 2047 292 2125 coeperit,
315 2064 367 2124 spe
388 2048 521 2106 sanitatis
541 2053 716 2125 consumpta
740 2047 831 2105 nimio
856 2049 1011 2107 intestino

35 2153 62 2194 m
85 2143 217 2215 tumore,
241 2143 408 2194 stercorum
431 2137 558 2194 vomitus
582 2134 725 2214 eflicitur,
754 2133 858 2194 ultimo
883 2137 971 2195 etiam
1059 2205 1061 2209 Α

35 2311 41 2358 l
61 2304 200 2374 aliquanti
219 2321 246 2359 c:
266 2304 419 2373 aliquando
432 2320 463 2374 p.
536 2322 561 2361 v.
581 2304 699 2360 inicians
718 2304 815 2359 dicunt
834 2322 849 2361 c
866 2306 913 2373 (cf.
933 2307 972 2362 ad

35 2419 38 2432 .
128 2382 143 2429 2
163 2377 259 2430 antem
278 2392 328 2431 om.
343 2394 374 2445 p.
459 2375 528 2430 inioi
546 2381 571 2431 et
589 2381 665 2446 (post
681 2377 898 2447 dittoprapbicm
914 2393 971 2432 oer-

35 2482 49 2520 u
67 2467 199 2520 consuete
214 2495 248 2502 -
262 2464 459 2534 ventriculum)
473 2466 572 2520 iterum
589 2472 672 2520 isoes
691 2481 716 2519 c:
735 2471 748 2518 i
768 2457 822 2518 ets
840 2466 970 2535 (intrans)

71 2543 87 2591 3
113 2536 172 2606 ylio
191 2553 226 2604 p,
246 2534 301 2589 alio
325 2553 347 2591 c.
439 2541 456 2588 4
475 2535 554 2590 dolor
576 2538 747 2606 punctuosos
770 2535 929 2590 discurrens
947 2552 971 2606 c,
1016 2572 1037 2588 x

35 2623 63 2662 es
81 2606 198 2677 punctio
217 2606 401 2662 discurrentes
416 2624 448 2675 p.
533 2613 549 2660 5
569 2610 598 2662 et
616 2608 682 2676 aliq.
698 2625 728 2676 p.
816 2606 920 2675 splenis
934 2623 970 2675 p:

35 2678 58 2733 is
86 2696 107 2733 c.
218 2679 379 2748 tcogente
402 2694 437 2746 p:
471 2680 642 2749 congruente
670 2694 691 2733 c.
802 2677 970 2747 iperitoeo

35 2753 113 2819 neon)
128 2765 163 2817 p:
182 2748 297 2818 pitonea
314 2765 335 2804 c.
409 2749 439 2803 id
458 2752 502 2804 est
519 2749 626 2805 addidi.
659 2750 694 2817 cf.
717 2749 842 2804 Petronc.
858 2766 888 2817 p.
903 2752 969 2804 275.

35 2855 54 2892 u
80 2825 194 2910 mappffa
221 2835 290 2892 dicit
307 2854 344 2907 p,
371 2838 468 2908 vulgo¹
482 2854 587 2909 mappa
613 2837 674 2893 diet
702 2837 821 2906 (dicunt)
845 2854 859 2893 c
881 2838 970 2904 (Petr.

35 2912 76 2978 b).
159 2914 175 2962 8
195 2909 247 2963 sub
265 2909 329 2962 cute
343 2926 379 2978 p:
399 2909 539 2964 succincte
558 2926 580 2965 c.
663 2915 679 2964 9
699 2907 819 2964 creverit
836 2924 863 2963 c:
883 2908 970 2963 cerni·

39 3023 44 3035 .
154 2985 186 3033 11
207 2979 256 3033 Sin
275 2997 301 3036 c:
315 2979 356 3083 eSi
369 2997 400 3049 p.
512 2987 543 3034 12
567 2980 706 3036 urinalem
724 2981 799 3034 viam
825 2996 911 3048 qnam
924 2996 969 3049 pc.

35 3102 75 3140 cus
93 3103 178 3157 porus
197 3103 219 3154 c,
238 3086 345 3155 uritidia
364 3074 464 3156 porum
479 3104 508 3156 p.
583 3093 616 3142 15
635 3087 766 3142 inesse
786 3085 925 3169 significat
937 3104 969 3155 p.

35 3158 179 3265 ”dimum
202 3158 971 3298 itt.tumulti?ttatttttattt'tl

35 3232 132 3369 ³¹pgbsib
151 3302 195 3356 est
215 3246 278 3355 ebena
297 3271 322 3356 a:
338 3317 368 3370 p.
391 3248 435 3299 'P
461 3307 492 3355 1⁷
513 3303 542 3357 et
563 3274 614 3356 int.
634 3301 759 3357 omnium
777 3302 798 3355 t.
813 3315 844 3368 p.
896 3247 919 3299 p
936 3273 969 3356 18⁸

35 3422 65 3461 ue
76 3423 126 3464 ooo.
137 3423 159 3463 c.
223 3403 298 3463 fil'rt'
311 3409 374 3462 ture
389 3424 412 3478 c,
427 3407 515 3463 simili
525 3407 646 3482 td'tdnp
660 3409 708 3476 tin
718 3371 930 3473 moruftnnnne
940 3404 1003 3464 nen-

36 3492 77 3532 eos
94 3495 118 3547 e,
135 3478 216 3548 yleos
228 3496 260 3549 p.
336 3481 558 3555 condempno,
577 3496 720 3550 —sonp¹
822 3560 863 3614 Ψ
