2318 3788
488 113 731 180 -206-

117 257 242 313 ustiones
261 272 332 326 quaa
355 253 471 310 elelidaa
492 252 584 323 (affili-

117 330 168 384 dao
186 346 209 396 c,
228 327 357 390 efellidao
371 329 404 395 p)
424 325 522 380 dicunt
540 331 583 380 73.

99 410 253 488 ἡλίωσιςε
269 415 407 471 solatione
419 431 486 470 vcro
496 414 584 470 uteris

117 505 203 558 quam
228 487 328 544 eliosin
352 486 451 542 dicunt
473 491 516 541 54.
547 487 582 553 cf.

118 559 190 616 caaz.
210 560 266 614 cor.
284 564 310 625 4,
332 563 364 613 ra
383 562 431 612 etc.

98 641 314 719 ἡμικράνιοςτ
334 647 372 700 ad
390 646 450 701 eiua
470 647 517 714 (oo.
537 661 582 700 ca·

116 720 195 790 pitia)
233 717 394 773 medietatis
435 717 582 786 (dolorem)

116 807 200 859 quem
246 792 341 858 (quam
382 789 471 856 codd.)
513 787 582 842 emi·

116 861 272 943 g(c)ranion
312 862 415 916 vocant
457 865 480 916 1.
532 861 583 914 aut

115 933 203 1003 ipsius
257 933 438 987 membranae
494 930 582 999 partie

117 1003 231 1074 (passio)
255 1020 340 1072 quam
358 1003 491 1057 consuete
514 1000 582 1055 emi-

116 1075 274 1145 glc)ranion
287 1073 385 1129 dicunt
402 1075 439 1128 io.
458 1072 495 1127 ad
514 1072 583 1126 emi·

115 1145 272 1216 g(0)ranion
298 1161 365 1201 vero
393 1150 441 1199 cto.
468 1144 505 1198 ib.
548 1159 582 1197 ex

117 1216 296 1273 antecedenti
314 1216 411 1271 dolore
430 1215 519 1270 totius
537 1230 582 1268 ca-

115 1289 189 1373 Piffil.
211 1292 262 1344 aut
289 1287 443 1357 emigrauei
475 1287 526 1356 (eie
549 1301 582 1368 g,

114 1356 581 1512 atlrtlllarlatal'll:

115 1503 152 1557 ad
185 1502 371 1571 emigramum
404 1501 461 1554 cort
488 1499 581 1553 Broc.

117 1573 167 1627 Ta.
192 1573 281 1626 Prisc.
305 1588 328 1640 p
352 1568 402 1624 93¹l
425 1575 450 1624 et
470 1586 500 1638 p.
524 1575 581 1626 102

114 1645 165 1698 ubi
190 1659 255 1698 mox
282 1640 453 1710 emigraniua
480 1642 583 1710 paueat

116 1714 140 1768 si
155 1757 161 1771 .
177 1756 206 1771 ..
236 1712 308 1768 anl.
332 1713 437 1780 41441,
461 1717 478 1764 4
502 1711 582 1765 dolor

115 1786 267 1841 vehemens
293 1783 395 1853 capitio
415 1783 504 1838 totius
533 1785 583 1836 aut

115 1857 226 1911 dimidii
253 1872 337 1926 quem
365 1856 500 1910 consueto
532 1870 581 1908 no-

114 1928 190 1983 mine
221 1927 423 1982 hemicraniam
451 1927 502 1995 (cic
528 1926 580 1993 ed.)

115 2001 225 2055 vocant.
246 1999 338 2053 Marc.
342 2014 373 2067 p.
382 2002 428 2052 38.
437 2001 473 2052 39
482 1997 582 2066 (abida

115 2072 216 2126 codicia
252 2069 365 2125 lecticae
400 2083 458 2123 noo
493 2068 582 2138 mugio

115 2143 239 2209 coastat).
285 2141 365 2197 Area.
400 2145 429 2208 1,
465 2143 580 2193 44-44

115 2212 303 2283 (emigraneua
317 2211 406 2277 dolor,
420 2209 582 2280 emigranea

114 2284 216 2353 passio,
226 2283 436 2353 emigraneam).
450 2281 581 2350 Eocolop.

115 2355 171 2409 cler.
199 2369 221 2408 c.
251 2359 279 2408 1:
308 2353 408 2423 quodsi
432 2351 581 2406 dimidium

115 2426 202 2495 caput
228 2424 364 2490 doluerit,
390 2423 581 2494 emigraneam

115 2496 277 2579 appellatur
300 2497 368 2566 (cod.
392 2495 485 2566 Aac).
524 2496 581 2549 tro·

115 2567 234 2622 ciscaria
253 2565 424 2637 emigranica
441 2566 478 2620 ib.

98 2651 350 2728 θεραπευτικὴτ
392 2655 514 2710 Galenus
550 2655 581 2708 in

114 2745 165 2783 rua
177 2727 371 2798 therapeutica
379 2727 434 2781 hoc
448 2727 492 2781 est
500 2725 580 2780 libria

115 2800 292 2854 curationum
311 2805 354 2854 30.

97 2887 268 2960 θρόμβοςζ
292 2885 421 2957 glebulas
441 2885 581 2957 (globulos

114 2959 182 3015 Sim.
215 2977 237 3015 4.
268 2960 304 3028 4.)
334 2957 478 3028 sanguinis
510 2973 580 3026 quae

115 3031 216 3086 Graeci
228 3030 353 3085 tromboa
368 3029 504 3099 (tr-umbos
519 3045 534 3082 c
545 3053 580 3073 ==

114 3101 195 3171 Sim.)
219 3100 365 3171 appellant
387 3105 430 3154 30.
463 3099 580 3169 globoso

115 3174 163 3239 (ol.
188 3172 318 3243 globoso)
337 3169 473 3241 sanguine
496 3187 580 3238 quem

115 3242 216 3297 Graeci
238 3242 370 3298 trombou
394 3241 536 3312 (trumbon
555 3243 580 3310 c)

115 3314 261 3382 appellant
278 3320 322 3371 46.
360 3315 395 3382 cs.
415 3313 488 3369 Cael.
507 3315 579 3368 Aur.

113 3386 278 3452 chr.2,12.
310 3390 336 3454 4,
356 3383 579 3455 8444144444-

651 251 743 322 guinie
753 249 926 320 corpusculis
940 266 1014 319 quae
1026 247 1113 321 θρόμ-

651 325 719 397 βους
737 321 892 408 appellant.

633 394 913 466 θρομβουμενοςτ
937 389 962 447 oi
986 407 1052 447 vero
1073 393 1113 446 ni-

650 465 742 536 gellus
759 462 848 519 fuerit
865 461 1006 532 (sanguia)
1024 465 1054 518 et
1070 480 1113 518 ve-

650 536 704 592 luti
732 535 877 606 41444444,
905 550 992 603 quem
1018 532 1115 589 Graeci

650 608 724 676 tro(u
734 608 941 676 p)mbumonon
954 608 1060 661 vocant
1074 611 1115 660 39.

650 679 685 746 cs.
711 676 784 733 (lael.
807 678 878 732 Aur.
902 677 960 731 clar.
984 681 1015 744 4,
1034 681 1070 730 40
1094 676 1115 730 ai

649 749 762 820 gelatus
808 746 951 804 obstiterit
996 747 1115 817 sanguia,

650 820 727 891 quod
751 819 852 875 Gracci
876 813 1046 889 θρόμβωσιν
1070 835 1115 873 vo·

649 894 722 948 cant

632 961 744 1030 θυμοὶ
767 961 814 1031 (ol.
837 955 933 1031 θύμω
956 958 1025 1016 Gela.
1046 963 1115 1030 etc.):

650 1033 805 1104 (verrucae)
837 1031 866 1086 in
903 1030 1117 1087 similitudinem

650 1103 822 1160 summitatis
858 1101 947 1173 tymi,
989 1102 1066 1158 undo
1101 1119 1117 1157 a

650 1175 764 1232 Graecis
782 1176 878 1244 tymoe
897 1175 1003 1242 (tymoa
1017 1190 1043 1243 p,
1062 1173 1116 1228 thi-

650 1264 711 1302 moa
740 1247 764 1316 o)
796 1243 978 1316 appellantur
1012 1250 1044 1298 12
1076 1247 1118 1312 (dc

649 1319 756 1388 origine
772 1317 894 1373 44441414
910 1315 967 1384 sere
986 1318 1118 1372 concaua

651 1388 717 1444 0414.
738 1395 763 1458 5,
782 1395 827 1459 28,
847 1392 900 1456 14).

632 1455 812 1586 troezenae:
845 1457 956 1514 icterici
987 1457 1119 1514 dicuutur

649 1548 748 1586 moro
776 1530 854 1602 regio
887 1528 1117 1584 laborantes...

650 1603 776 1672 sequitur
795 1600 961 1670 ...pallor
992 1599 1118 1671 corporis

650 1691 713 1729 cum
733 1716 740 1729 .
760 1715 767 1729 .
787 1714 794 1728 .
813 1672 907 1727 crocei
949 1671 996 1727 vel
1043 1672 1117 1727 aurei

650 1745 752 1801 coloris
766 1741 903 1812 fantasia,
922 1741 999 1797 uude
1013 1742 1051 1798 ab
1069 1743 1117 1798 ali·

650 1815 763 1886 quantis
776 1813 865 1871 latine
879 1830 988 1884 aurugo
1009 1814 1117 1884 (aurigo

649 1903 674 1955 c,
692 1887 771 1955 sim.)
789 1885 951 1956 appellatur
968 1890 1014 1940 49.

630 1954 831 2029 &coadunet
850 1974 914 2012 cum
930 1955 1043 2026 ingenti
1058 1955 1118 2026 pal·

648 2029 708 2084 lore
726 2030 872 2084 ictericum
885 2028 1019 2083 morbum
1032 2027 1117 2083 aimu-

648 2100 739 2168 lante,
764 2117 830 2154 nam
849 2097 950 2155 Graeci
972 2098 1118 2155 ictorodcu

648 2174 753 2227 vocant
770 2177 812 2226 32.

631 2241 862 2313 ἰλιγγιῶντεςτ
928 2240 1001 2296 ver'
1026 2240 1033 2254 '
1056 2257 1118 2296 4444

649 2330 720 2382 quoa
738 2311 903 2382 iliugiontae
923 2327 998 2394 ape
1061 2314 1117 2380 tl,

648 2384 873 2468 attilicnuntaa
894 2400 926 2467 q,
949 2329 1117 2467 411444

648 2456 1008 2609 trititiam}
1024 2469 1118 2596 ’114

644 2615 697 2668 per
723 2613 841 2653 errorem
869 2598 980 2667 4444444)
1002 2613 1040 2666 p,
1064 2613 1116 2666 quo

647 2672 708 2739 apro
721 2671 824 2725 acrlicct
838 2668 929 2724 codice
941 2684 1010 2723 4444
1028 2667 1117 2724 rideri

643 2747 733 2811 potest
746 2740 843 2797 Simon
859 2739 1016 2795 Jaaaeaaie
1035 2743 1115 2807 (acac.

648 2811 732 2866 XIV
752 2814 803 2882 io.)
822 2811 871 2881 goi
893 2811 944 2866 aab
968 2811 1021 2866 litt.
1042 2809 1069 2867 θ
1087 2810 1115 2878 (l)

647 2883 727 2938 habet
745 2881 883 2953 „Giuntas
902 2897 986 2951 grece
1005 2880 1115 2950 vertigo

648 2954 724 3010 Casa.
757 2954 804 3009 Fe.
838 2953 910 3008 etc.“
956 2957 1039 3023 atque
1067 2953 1115 3007 hoc

647 3025 759 3081 Simone
785 3024 919 3080 recentior
943 3025 1031 3092 sariaco
1057 3039 1115 3080 cor-

646 3097 760 3153 rectorie
770 3110 870 3151 444444
878 3111 949 3164 quoe
957 3111 1026 3152 saec.
1035 3093 1089 3149 XI
1092 3092 1118 3149 V

646 3169 716 3242 inp
735 3167 914 3236 odampoerr't
930 3164 972 3221 ili.
1003 3166 1116 3222 Occator

647 3241 721 3294 oraim
739 3238 806 3308 „qui
830 3236 957 3294 continet
975 3238 1115 3293 tractatus

647 3311 717 3365 duos
728 3310 763 3364 de
772 3309 899 3380 pratica“
914 3310 958 3378 (at
966 3310 1009 3364 ait
1018 3307 1116 3364 Simon

646 3383 679 3437 io
687 3381 792 3452 praef.)
806 3379 948 3451 &gnificat
966 3384 1018 3438 out
1031 3396 1115 3437 4444·
