2318 3788
500 169 717 233 ..24-

98 315 204 383 illines.
250 323 320 394 post
352 314 426 374 haec
459 333 528 375 cum
560 314 667 376 sudare
699 316 833 394 coeperit
861 313 1054 396 confricabis,
1086 320 1114 374 et

99 413 167 483 post
189 403 329 464 balneum
353 419 474 464 rosaceo
498 410 549 464 aut
572 404 700 482 myrtino
724 402 790 464 oleo
812 422 994 483 perungues.

410 596 496 658 XVll.
534 597 581 658 hd
604 597 798 677 parotidas.

188 722 358 784 Nascuntur
385 722 536 802 parotides
564 723 643 781 circa
671 724 787 782 aurium
816 731 930 805 partes,
961 723 1041 783 unde
1065 741 1117 783 no·

72 813 178 871 emine
197 830 304 890 graeco
324 813 366 871 sic
385 820 536 872 vocantur.
572 817 603 870 et
621 812 762 871 eveniunt
780 811 954 891 frequenter
972 813 1004 871 in
1023 813 1117 890 aegri·

99 898 254 961 tudinibus
269 899 402 979 malignis
418 918 491 979 quas
506 898 611 958 Graeci
627 899 783 959 cacoethes
799 899 954 980 appellant.
989 901 1118 960 maxime

98 987 157 1048 illis
184 988 250 1049 fieri
274 987 370 1049 solent
399 991 451 1067 qui
474 986 510 1047 ab
534 986 768 1065 aegritudinibus
797 989 933 1068 frigidam
963 990 1119 1067 potionem

98 1079 363 1156 praesumpserint.
414 1085 444 1136 et
472 1082 542 1136 sunt
574 1075 668 1135 honae
702 1094 777 1154 quae
810 1076 909 1138 subito
942 1076 1119 1138 inchoantes

100 1183 168 1226 cum
192 1167 321 1225 extantia
343 1167 374 1225 in
399 1165 556 1244 superficie
577 1166 654 1224 cutis
677 1168 869 1243 apparuerint
891 1173 921 1226 et
944 1183 1013 1225 cum
1038 1184 1119 1225 com-

59 1268 86 1309 ιο
98 1255 213 1334 petenti
241 1253 342 1313 dolore
371 1261 401 1314 et
429 1251 540 1313 rubore
564 1255 759 1334 competenti,
786 1252 1122 1333 neque'transvorandi

99 1343 230 1403 cilicium
254 1350 364 1421 negent
386 1360 485 1421 neque
509 1359 629 1401 somnos
652 1341 822 1420 impediant.
865 1350 936 1403 sunt
960 1341 1032 1402 aliae
1058 1361 1120 1402 ma·

98 1430 194 1509 lignee
218 1422 303 1510 'quae
336 1433 547 1492 contrarietate
580 1448 671 1509 supra
710 1429 856 1491 dictarum
892 1430 1120 1509 intelleguntur.

99 1521 277 1597 contingunt
303 1521 413 1579 iterum
439 1517 590 1598 parotides
623 1535 691 1578 mox
724 1527 901 1598 apparentes
933 1537 1000 1578 mox
1034 1538 1121 1580 rece·

100 1605 217 1667 dentes:
246 1606 336 1666 nullis
362 1605 595 1685 procedentibus
624 1606 792 1688 adiutoriis,
823 1607 926 1668 salutis
949 1608 1122 1687 periculum

60 1712 86 1753 rs
99 1695 249 1776 referunt,
272 1694 308 1754 ad
331 1695 451 1755 altiores
474 1695 647 1774 pulmonum
670 1703 772 1773 partes
798 1697 955 1783 fugientes.

190 1785 352 1844 curationis
391 1792 525 1863 tempore
559 1782 594 1842 ad
626 1782 801 1846 inchoantes
837 1784 988 1865 parotidas
1026 1785 1121 1847 medi-

100 1879 269 1932 camentum
291 1871 497 1932 dialoreticum
512 1873 554 1932 sic
575 1871 674 1932 iacies.
703 1881 802 1934 cretae
816 1875 1001 1952 argentariae
1016 1883 1121 1953 partes

173 2118 187 2165 1
208 2113 315 2182 ceperit
332 2129 367 2182 p:
392 2112 484 2167 -rint
503 2129 526 2168 c.
634 2112 841 2183 con(9)fricabis
864 2130 891 2168 cr
916 2131 932 2180 z
954 2113 1070 2169 fricabis
1089 2133 1120 2186 p.

100 2189 245 2238 2rosaceo
258 2200 293 2252 p:
312 2201 391 2239 roseo
411 2201 432 2238 c.
505 2200 643 2253 perunges
662 2201 702 2253 cp.
775 2191 791 2238 3
811 2185 853 2239 tta.
867 2185 912 2238 Ad
925 2185 1073 2255 parotidas
1093 2204 1121 2242 e:

100 2287 205 2344 Contra
222 2288 365 2359 parotides
378 2305 409 2358 p.
483 2289 647 2358 lparotide
667 2306 688 2345 c.
762 2295 842 2344 aunn
861 2307 888 2345 c:
906 2268 983 2358 andri
997 2308 1029 2361 p.
1054 2294 1067 2320 ⁰
1104 2279 1144 2347 5⁸

100 2359 139 2414 sic
158 2376 185 2414 c:
204 2375 253 2414 om.
268 2376 299 2428 p.
390 2367 406 2414 6
425 2359 557 2430 malignis
576 2377 603 2415 c:
628 2377 679 2416 om.
693 2377 724 2430 p.
816 2378 886 2429 quas
905 2393 939 2400 -
958 2363 1120 2431 appellant:

101 2429 221 2500 agrecis
236 2430 381 2485 cachoetes
396 2431 543 2501 appellant
556 2448 578 2499 c,
593 2448 611 2485 a
620 2431 710 2501 grecis
725 2432 912 2488 chachohetes
926 2434 1079 2502 appellatis
1088 2452 1119 2504 p.

100 2502 136 2557 et
147 2501 268 2556 maxime
283 2518 314 2571 p.
387 2501 478 2556 ‘ifieri
491 2502 582 2557 solent
595 2519 622 2557 c:
643 2503 810 2572 contingunt
823 2521 853 2573 p.
927 2505 976 2572 qui
991 2504 1028 2558 ab
1047 2506 1121 2575 egri-

99 2572 244 2626 tudinibus
261 2571 366 2641 frigida
382 2573 497 2643 potione
514 2573 736 2643 presumpserint
753 2591 768 2629 c
790 2577 837 2642 (cf.
857 2575 929 2630 Petr.
948 2591 970 2630 c.
985 2579 1051 2642 17),
1069 2577 1121 2644 qui

101 2643 287 2712 egritudinem
310 2661 328 2697 a
349 2643 455 2713 frigida
476 2643 592 2713 potione
615 2648 793 2715 sumpserunt
809 2657 841 2714 p.
949 2652 966 2700 8
990 2645 1063 2701 bone
1085 2653 1122 2717 12⁰

102 2716 146 2782 (ie
164 2718 277 2782 mama
305 2715 376 2768 hene
395 2716 441 2782 (be
456 2720 489 2783 p)
508 2731 549 2784 cp.
640 2722 655 2770 9
679 2716 862 2785 apparuerint
885 2733 911 2784 c,
935 2721 1074 2786 apparent
1088 2735 1120 2787 p.

101 2786 131 2839 et
148 2805 168 2852 o
187 2791 221 2840 cir
243 2785 354 2854 petenti
376 2784 473 2840 dolore
496 2789 525 2840 et
546 2786 647 2841 rubore
665 2787 792 2856 opetenti
810 2804 838 2858 c,
862 2790 891 2842 ct
909 2804 973 2841 cum
990 2790 1121 2858 9petenti

100 2856 200 2911 rubore
215 2859 245 2910 et
258 2856 353 2910 dolore
363 2873 394 2925 p.
469 2862 502 2911 10
516 2873 607 2927 neque
616 2874 651 2926 p:
667 2859 696 2911 et
709 2875 800 2927 neque
815 2875 837 2913 c.
912 2865 944 2911 11
956 2861 1064 2928 negant
1077 2876 1120 2929 cp.

101 2944 232 2996 sompnoe
250 2926 383 2997 ipediunt
395 2944 434 2997 p,
459 2944 576 2997 sompno
597 2928 726 2998 ipediant
748 2945 771 2984 c.
863 2935 895 2983 1a
918 2931 1123 2986 contrarietate

102 3015 186 3067 snpra
213 2999 352 3053 dictarum
385 3015 412 3053 c:
441 2998 579 3053 contrarie
606 2999 773 3067 supradictis
795 3017 819 3070 p
852 3000 963 3067 (Petu).
1078 3001 1121 3055 in-

101 3069 268 3138 telliguntur
286 3086 328 3140 cp.
441 3077 473 3124 13
496 3070 599 3124 iterum
621 3069 683 3136 (it'm
700 3071 733 3140 p)
757 3087 802 3140 cp:
830 3072 884 3126 iste
904 3071 979 3125 Petr.
1086 3079 1121 3126 13

101 3139 230 3208 parotide
249 3157 271 3194 c.
364 3147 397 3195 14
415 3141 499 3195 nullis
518 3158 544 3195 c:
563 3141 634 3194 nulli
652 3141 734 3210 (nll'i)
750 3158 772 3210 p
791 3142 868 3210 (ullis
888 3141 982 3211 Petu).
1071 3143 1120 3196 ad-

101 3210 244 3264 interiise
263 3208 377 3280 (Patr.):
397 3212 510 3266 adiutos
528 3212 591 3278 (sic)
606 3229 638 3280 p.
730 3212 945 3281 precedentibus
959 3229 992 3281 cp
1007 3212 1119 3280 (Petu).

103 3280 655 3351 cf.0ela.6‚16.Th.Prt‘ac.p.8⁰.
765 3289 798 3338 15
817 3285 867 3338 ud:
892 3285 926 3337 ut
943 3299 971 3352 c,
994 3286 1123 3354 etp(et

102 3351 217 3406 altiores
239 3369 267 3420 p.
285 3369 313 3421 p.
336 3353 473 3408 irruentes
498 3354 593 3423 Petu).
634 3354 699 3422 fort.
722 3355 755 3408 ut
777 3354 822 3409 ad.
919 3360 952 3408 16
971 3355 1008 3409 ad
1027 3371 1078 3410 om.
1097 3372 1120 3408 a.

105 3429 136 3477 17
156 3421 351 3477 diaforeticum
371 3441 397 3492 c,
422 3427 551 3478 -tecum
570 3426 633 3493 (aio)
648 3442 679 3496 p.
783 3424 937 3497 argentalie
957 3441 980 3493 c,
997 3427 1075 3483 -les
1088 3443 1121 3495 p.
