2318 3788
503 138 721 202 ..70-

100 283 222 345 linteolo
255 285 383 345 densum
409 281 566 343 inductum
594 301 734 362 appones.
780 292 833 344 ant
862 292 946 345 certe
975 284 1102 345 dialectm

100 374 264 434 trocisenm
286 381 339 433 aut
356 374 508 450 trigonum
526 371 664 445 admixtis
686 371 823 450 palmulis
844 373 979 455 calcatis,
1002 381 1101 453 patene

101 481 117 522 a
135 461 256 523 Graecis
275 459 470 542 appellantur,
493 460 630 521 similiter
648 479 787 539 appones.
831 461 964 522 dandum
983 465 1066 523 etiam
1081 467 1104 519 et

100 550 147 611 dia
171 551 287 630 codyon
316 549 506 628 singulariter
530 557 581 610 aut
604 568 677 611 suco
700 548 836 629 polentae
860 560 913 611 aut
936 569 1038 631 oryzae
1066 547 1103 610 ad·

73 641 234 701 amissum.
279 638 327 699 vel
355 641 501 718 catapotia
531 638 720 699 tussicularia
752 656 827 717 quae
860 639 968 700 Graeci
997 639 1105 700 bechira

100 736 207 789 vocant
229 729 399 807 vespertino
427 737 562 806 tempore
586 727 739 788 cubaturis
762 727 792 787 id
817 736 863 788 est
886 728 1028 809 euntibus
1050 727 1106 788 dor·

100 819 207 877 mitum
229 814 322 878 dabis.
363 825 414 877 aut
436 819 586 895 trigonum
605 818 768 876 trociscum
792 816 929 877 similiter
948 819 1107 897 vesperum

99 913 234 985 tempore
263 923 332 967 cum
360 904 453 966 calida
481 923 557 984 aqua
585 903 681 985 dabis,
716 906 741 965 si
771 913 869 967 tamen
902 908 1017 966 ventris
1048 921 1108 966 con·

100 996 215 1055 strictio
239 1003 290 1055 aut
308 996 340 1054 in
358 993 521 1054 infantibus
541 1002 621 1054 aetas
642 995 764 1054 minime
783 993 961 1072 impedierit.
1000 997 1111 1073 oportet

59 1097 86 1137 10
101 1085 189 1143 etiam
204 1083 312 1144 calenti
325 1085 592 1162 anagargarismate
609 1085 653 1144 uti
672 1101 709 1142 ex
728 1082 901 1142 decoctione
920 1082 1113 1162 pamularum

99 1180 131 1233 et
156 1171 315 1234 lenticulae
343 1181 374 1233 et
401 1190 487 1233 rosae
510 1171 556 1231 vcl
579 1172 704 1232 ficorum
733 1173 893 1232 siccarum:
921 1180 973 1232 aut
996 1171 1114 1250 siliquas

99 1280 220 1341 graecas
244 1261 394 1324 dulciores
418 1264 519 1322 mittes
542 1267 573 1320 et
595 1262 699 1321 uteris.

187 1354 337 1412 trociscus
368 1370 385 1411 a
417 1350 538 1410 Graecis
570 1350 780 1428 ypccapnistos
813 1348 977 1428 appellatus
1009 1349 1039 1408 id
1072 1353 1118 1409 est

99 1440 370 1519 suffumigatorius‚
398 1440 579 1499 conveniens
607 1440 733 1498 maxime
761 1437 888 1498 hiberno
920 1437 1116 1499 tussientibus

59 1527 135 1588 laad
163 1528 393 1589 desiccationem
423 1527 596 1606 bnmornm,
631 1529 756 1598 maxime
787 1526 823 1586 ad
858 1525 939 1604 longi
973 1527 1116 1605 temporis

98 1616 270 1698 tussiculas,
299 1633 372 1694 quas
400 1615 506 1675 Graeci
534 1615 672 1676 chronias
706 1615 815 1675 bachas
849 1623 964 1676 vocant.
1011 1616 1116 1694 recipit

97 1713 198 1766 autem
221 1704 399 1765 sandaracae
418 1711 448 1764 et
470 1705 547 1765 turis
569 1712 672 1783 partes
691 1702 789 1785 binas,
811 1703 958 1764 medullae
980 1705 1114 1764 cervinae

99 1803 130 1854 et
152 1812 270 1855 murrae
294 1802 396 1873 partes
419 1792 558 1872 singulas,
602 1792 711 1854 tundes
734 1792 926 1853 sandaracam
949 1801 979 1853 et
1003 1809 1116 1872 cernes,

99 1901 230 1944 murram
258 1901 328 1943 vero
356 1891 387 1944 et
414 1891 463 1944 tus
492 1884 651 1961 separatim
679 1874 760 1942 teres
788 1888 818 1942 et
850 1899 964 1942 cernes.
1010 1880 1115 1941 debinc

58 1986 84 2026 ao
100 1972 187 2032 simul
213 1974 312 2033 omnia
340 1989 409 2032 cum
437 1973 556 2032 cervina
583 1969 712 2031 medulla
739 1973 771 2031 in
801 1969 885 2050 girba
907 1973 1010 2032 mittes
1034 1979 1064 2031 et
1087 1972 1116 2030 iu

171 2255 184 2302 1
214 2248 330 2304 linteolo
357 2265 391 2320 9ο
418 2255 443 2304 et
470 2255 534 2304 onte
560 2265 629 2303 corr.
662 2249 749 2317 (-lr‘1)
773 2265 803 2317 9.
917 2248 1035 2302 densum
1067 2265 1117 2318 op:

98 2319 183 2375 denso
201 2337 224 2374 e.
298 2320 463 2375 dialectrum
476 2338 521 2392 99,
540 2319 638 2374 dielati
652 2337 673 2374 o.
747 2325 763 2373 2
779 2318 937 2373 admixtum
950 2335 995 2388 99,
1017 2320 1081 2373 -to
1095 2335 1117 2373 c.

99 2389 242 2446 calcaticis
259 2408 286 2462 9,
306 2391 414 2446 -ticus
433 2409 447 2446 c
465 2398 489 2446 et
508 2394 538 2460 (u
556 2408 589 2447 ece
607 2395 686 2456 corr.)
701 2407 732 2460 9,
818 2391 936 2459 pateton
952 2429 957 2441 .
974 2429 980 2441 .
998 2431 1003 2442 .
1020 2391 1116 2460 appel·

98 2461 189 2516 latum
208 2463 301 2529 (⁴-tur
321 2464 352 2532 9)
377 2479 437 2533 qap.
546 2461 747 2516 4dicacodion
766 2461 826 2529 (sie)
853 2478 884 2532 9,
908 2461 1059 2515 diacodion
1077 2478 1118 2530 op.

99 2532 190 2588 orizae
213 2535 300 2604 (-ae)
323 2549 383 2604 999.
499 2539 515 2588 5
539 2533 696 2602 catapotias
719 2531 888 2602 singularias
911 2533 970 2601 (sic)
994 2549 1065 2600 quas
1092 2550 1118 2603 9,

98 2622 242 2691 catapotia
267 2621 422 2690 singularia
446 2638 518 2690 quae
545 2625 575 2690 (a
600 2639 630 2690 c,
657 2613 681 2692 ξ’
700 2621 733 2688 p)
763 2636 805 2688 ep.
933 2627 948 2675 6
975 2621 1119 2676 cubaturis

99 2691 227 2762 (-t0riis
244 2694 285 2748 sic
301 2694 330 2764 9)
349 2693 379 2746 id
402 2697 445 2747 est
468 2709 518 2748 om.
533 2711 564 2762 p.
678 2690 821 2747 cubaturis
841 2721 875 2731 -
895 2692 930 2760 (a.
945 2693 972 2760 8)
991 2693 1119 2762 tempora

98 2780 148 2820 om.
169 2781 191 2820 c.
264 2765 329 2818 liin
347 2779 397 2818 om.
416 2780 476 2834 99].
560 2770 592 2818 10
613 2761 772 2820 calcatione
791 2764 851 2831 (sic)
870 2779 948 2832 garg.
967 2781 994 2834 9,
1013 2764 1119 2818 calenti

98 2853 214 2907 garga
233 2840 258 2889 et
275 2852 354 2904 garg.
375 2834 478 2890 calenti
496 2852 518 2890 c.
594 2841 624 2890 11
646 2832 701 2906 piel
722 2832 787 2905 bodl
804 2851 830 2905 9,
849 2834 960 2903 piarum
979 2833 1119 2890 siccarum

97 2909 185 3032 {mn
202 2905 301 2972 becalt
324 2908 349 2974 c)
375 2922 416 2975 cp.
525 2906 641 2976 siliquas
665 2921 761 2976 grecas
781 2921 807 2960 c:
831 2904 949 2975 siliquae
972 2922 1075 2974 grecae
1092 2923 1119 2978 9,

111 2926 186 3034 ¹licas
205 2994 302 3061 grecas
317 2993 348 3046 p.
436 2983 468 3031 12
488 2977 577 3032 mittis
595 2993 655 3049 999.
744 2981 776 3030 13
795 2975 837 3046 y(i
851 2976 1060 3046 c)pocapnistns
1078 2992 1119 3048 90,

97 3066 269 3119 ypocomcus
279 3066 309 3118 p.
376 3054 408 3102 13
424 3049 583 3119 appellatur
595 3067 613 3120 9
627 3049 719 3118 (-tus
729 3051 780 3117 cp).
852 3053 886 3101 14
898 3046 1119 3104 suffumatorius.

99 3120 272 3175 Conveniens
300 3137 333 3190 9,
359 3118 644 3190 subfumigationibns
669 3119 837 3174 conveniens
865 3136 890 3188 c,
918 3118 1119 3189 suffimigabori

98 3192 160 3259 (oie)
178 3191 346 3246 conveniens
360 3207 391 3261 p.
463 3192 568 3260 yberno
586 3208 612 3262 9,
631 3191 665 3258 ili
681 3191 799 3260 p)berno
819 3206 859 3260 cp.
935 3196 968 3244 16
988 3191 1119 3246 chronias

98 3262 206 3317 baccas
223 3279 249 3334 9,
268 3263 395 3318 troacnas
413 3263 497 3317 bacas
516 3279 538 3328 c,
558 3261 668 3316 cronias
686 3261 771 3316 bacas
781 3279 812 3330 9.
903 3262 930 3326 131
947 3277 991 3330 cp.
1087 3269 1119 3317 li

99 3335 194 3402 partes
213 3349 261 3402 cp:
280 3348 330 3388 ora.
348 3350 374 3404 9.
451 3338 482 3387 18
501 3333 603 3388 mirrae
620 3349 651 3402 9,
670 3331 752 3388 miste
769 3350 811 3402 cp.
885 3337 917 3388 19
936 3332 1053 3388 mirram
1072 3351 1119 3404 99,

98 3404 199 3459 miram
218 3420 240 3458 e.
312 3409 347 3457 20
365 3404 396 3461 in
414 3403 496 3475 girba
514 3403 649 3474 (glanae)
667 3403 756 3459 mittis
772 3419 833 3473 99).
