2318 3788
313 223 467 288 -203
515 259 557 270 -

21 360 99 414 :lima
117 363 150 429 p)
174 362 228 416 hoc
247 363 290 415 est
307 359 405 416 inlini·
474 379 508 415 ex
541 361 607 418 vino
639 364 843 420 vehementiori
876 382 941 421 con-

21 449 63 484 rm
82 437 125 485 37.
472 432 578 488 fectum
596 451 681 504 quarn
705 430 867 506 ipnddsspa
891 453 940 492 vo·

21 503 117 567 αλοςε
154 502 213 557 alia
249 504 330 571 (uvae
363 502 404 556 di·
474 505 546 559 cant.

21 575 51 635 a)
81 573 246 642 dicephalos
281 574 404 643 (diacoe-
455 567 625 643 ἕγκαυσιςτ
663 576 688 630 si
720 593 754 632 ex
788 594 940 634 encauseos

21 663 41 783 rs)
61 645 266 770 dicaalddduga
291 646 338 700 vel
365 645 406 714 (id
472 645 814 774 dlddidtldddodxidndsatused
827 649 941 774 dsddond

21 733 404 926 irreddibilis
471 759 772 915 asseram
792 738 941 918 {dardis

21 947 45 982 m
64 946 186 998 purgare
202 932 341 984 noverunt
352 877 402 984 {L
472 929 548 998 quod
563 946 597 984 ex
613 947 765 986 encauseos
782 934 878 1001 (quarn
893 951 940 989 en·

42 1001 219 1069 cataplasma
248 1001 405 1055 dinreticon
471 1017 587 1056 causoos
616 1003 660 1071 ep)
694 1002 792 1057 dicunt
820 1010 863 1060 62.
896 1011 939 1059 64.

21 1070 148 1126 aurinale
162 1075 205 1124 44.
234 1072 403 1140 (antidotum
472 1073 546 1139 (item
569 1073 643 1142 App.
667 1075 725 1130 cod.
751 1074 820 1128 Par.
843 1075 864 1141 f.
889 1073 940 1129 85¹³

21 1142 105 1196 ticum
125 1146 180 1210 75.)
473 1158 507 1197 ex
541 1143 689 1199 adustione
722 1162 808 1212 quarn
840 1144 941 1200 Graeci

21 1209 190 1268 τούλωταε
213 1213 308 1268 ulcera
331 1213 403 1267 diffi·
472 1230 624 1269 encanseos
643 1215 760 1284 dicunt).

21 1284 46 1337 'nr
74 1283 235 1338 cicatricem
259 1284 404 1339 venientia
453 1278 692 1354 ἑγκολπισμόςτ
707 1285 774 1340 Sim.
790 1302 812 1340 s.
829 1285 941 1354 „encol-

21 1355 402 1426 disapulota(desapiolitap‚
472 1356 578 1425 pisinus
606 1373 646 1426 gr.
677 1355 789 1410 Cassius
817 1356 863 1412 Fe.
897 1373 938 1412 ca.

21 1426 88 1481 olita
107 1428 151 1495 cp)
175 1429 280 1482 vocant
302 1433 336 1482 29
356 1429 402 1497 (cf.
472 1428 528 1496 (78)
539 1467 544 1479 .
557 1427 706 1483 ..iniectio
724 1426 755 1482 in
773 1427 939 1482 matricem“

21 1514 43 1551 s.
64 1498 207 1566 disulota).
472 1527 506 1538 -
524 1498 580 1552 oid.
600 1495 712 1560 κόλπος.

21 1570 87 1622 da:
109 1569 146 1621 ad
165 1569 260 1623 omnia
278 1569 403 1624 carcino-
454 1561 599 1638 ἕγχυματ
631 1570 668 1623 ad
701 1569 794 1624 dentis
828 1570 940 1625 dolores

27 1642 125 1694 ...et
149 1641 186 1693 ad
214 1640 272 1694 alia
297 1640 404 1695 discola
473 1639 603 1694 enchima
621 1640 745 1709 (endima
764 1658 791 1710 c,
817 1641 940 1696 enclima

21 1729 27 1764 3
46 1710 174 1764 difficilia
194 1717 234 1766 79.
468 1712 500 1780 p)
519 1710 550 1765 id
569 1711 613 1766 est
630 1711 734 1766 infusio
753 1711 783 1766 in
800 1729 881 1766 nares
896 1719 938 1768 32.

21 1782 124 1837 scota:
143 1781 195 1835 sub
210 1781 320 1836 difficili
333 1783 403 1836 tem·
453 1777 553 1853 ἕδραι
577 1782 608 1836 in
631 1798 709 1836 sessu
732 1800 816 1851 quem
839 1781 940 1837 Graeci

21 1853 65 1907 tia
75 1853 293 1922 corporisquam
303 1852 403 1908 Graeci
471 1853 684 1920 acran-vocant,
703 1852 815 1907 diversa
830 1853 940 1922 podicis

21 1924 91 1978 asian
109 1924 211 1978 vocant
230 1928 272 1978 75.
471 1923 541 1978 vitia
560 1922 719 1977 efficiuntur
738 1929 780 1978 74.
810 1925 845 1990 ef.
866 1921 940 1979 (lael.

21 1993 402 2120 'itm‘fdfflfiafflffltme
471 1994 527 2048 chr.
547 1996 630 2118 4,G45
655 1995 728 2118 (ttenrg
751 1996 797 2063 86)
821 1994 940 2120 εθεεὶἓιιί

21 2083 89 2120 ras
146 2103 153 2119 .
472 2081 558 2132 quam
602 2079 708 2119 raecrs
747 2083 782 2118 cv
801 2081 911 2120 socan.

21 2137 184 2208 ιροῦντεςτ
199 2136 320 2191 minctns
331 2135 403 2189 diffi·
453 2129 606 2208 ἑδρικὸνε
631 2085 807 2204 catapldsma
826 2135 941 2191 edricon

21 2226 41 2262 ae
56 2208 250 2262 laborantibus
265 2223 334 2277 quos
348 2206 404 2261 dis·
471 2222 597 2275 appones
606 2206 681 2273 quod
688 2205 783 2260 Latini
791 2207 941 2261 sessorinm

21 2296 52 2333 as
71 2280 175 2334 vocant
193 2283 236 2333 46.
471 2279 575 2331 vocant
599 2283 641 2332 74.
672 2276 750 2332 aliud
772 2278 846 2332 med.
866 2278 940 2332 edri·

21 2350 111 2415 sola:
137 2349 242 2404 faciens
266 2350 303 2402 ad
330 2349 404 2403 duri·
474 2365 526 2402 con
544 2349 581 2403 ib.

39 2423 69 2475 et
101 2422 137 2474 ad
170 2419 347 2474 debilitatem
375 2421 405 2474 et
455 2413 628 2490 έκδόριονε
652 2420 858 2475 medicamento
879 2419 941 2474 dis·
982 2441 984 2444 >

21 2491 148 2546 essionem
166 2490 304 2546 stomachi
319 2508 405 2558 quam
473 2489 624 2545 coriatorio
647 2491 791 2561 (descor—
819 2507 865 2560 pc,
894 2491 941 2545 de·

21 2563 38 2617 :i
61 2563 162 2633 dypsin
186 2565 226 2633 (p,
252 2561 359 2630 passim
372 2578 404 2631 p,
474 2577 556 2615 cor—
571 2578 607 2630 p,
627 2577 744 2617 excor—
763 2561 832 2616 Sim.
853 2577 874 2616 s,
894 2578 940 2616 ex·

21 2681 23 2687 .
38 2637 83 2703 φῦ)
103 2639 207 2689 vocant
225 2639 268 2686 42.
473 2631 582 2692 dorionl
601 2632 676 2701 quod
690 2630 790 2687 Graeci
808 2631 942 2687 ecdorion

21 2719 107 2760 vota:
138 2705 250 2774 dispnia
282 2702 405 2773 (dipsnia
473 2702 618 2770 (exdorion
636 2705 660 2772 c)
679 2706 783 2758 vocant
803 2708 845 2756 13.

25 2776 117 2830 disnia
148 2793 171 2845 p
207 2777 242 2842 cf.
281 2775 348 2829 Sim.
381 2791 403 2828 s.
456 2772 578 2840 εἰλεόςε
594 2799 629 2819 =
643 2774 781 2829 verticula
790 2773 941 2828 intestino-

21 2850 39 2917 ι)
68 2864 86 2903 a
114 2847 227 2902 Graecis
251 2845 355 2900 dicitur
374 2845 405 2899 id
472 2863 536 2899 rum
554 2850 587 2900 51
608 2843 691 2913 (Cael.
707 2862 737 2914 p.
757 2849 823 2901 235.
843 2846 921 2912 236).

21 2919 148 2973 iffieultas
163 2916 355 2988 respirationis
370 2922 403 2970 41
454 2909 615 2988 ἐκτροπῆς
640 2915 750 2998 podicis
768 2916 942 2970 inversiones

21 2993 39 3046 t.
60 2989 216 3059 dispnoici).
473 3003 542 3055 quas
556 2984 656 3042 Graeci
670 2989 799 3056 ectropas
819 2987 940 3055 (hectro-

21 3071 133 3128 lsopsa:
165 3059 325 3114 incessionis
362 3059 404 3113 fo·
472 3075 522 3127 pas
542 3074 565 3127 c,
584 3074 719 3127 encropas
731 3060 762 3128 p)
777 3060 881 3112 vocant
894 3063 940 3114 75.

21 3132 133 3198 stiones,
155 3149 221 3186 nam
240 3129 340 3185 Graeci
358 3147 404 3185 en·
454 3123 692 3195 ἑκτυλωτικόςε
734 3128 940 3184 medicamento

21 3221 57 3258 na
75 3205 178 3258 vocant
196 3208 239 3257 46.
277 3201 404 3256 decoctio
473 3199 615 3255 ectilotico
635 3201 675 3269 (et
688 3199 802 3255 cilotico
816 3216 842 3269 9,
862 3199 942 3255 ectil·

21 3274 160 3330 ratismate
171 3274 200 3326 id
208 3272 405 3327 estinbahreo
473 3271 560 3326 lotico
584 3273 608 3341 c)
630 3271 662 3325 id
686 3273 729 3325 est
757 3271 941 3327 excellatorio

21 3384 22 3397 .
41 3346 142 3401 sellam
166 3344 295 3399 sedenti.
312 3384 318 3397 .
334 3386 340 3398 .
356 3343 405 3397 ad·
472 3341 546 3396 infra
570 3341 673 3412 scripto
692 3348 727 3397 20
747 3374 780 3383 —
800 3342 942 3398 confectio

21 3435 29 3471 ι
67 3423 100 3471 81
140 3417 186 3485 (cs.
215 3416 283 3470 Sim.
310 3431 332 3468 s.
359 3418 404 3482 a).
473 3413 577 3468 collirii
618 3413 765 3484 siringiaci
806 3413 957 3466 ectbst'xdx

32 3489 88 3543 etr.
107 3493 131 3556 o,
153 3493 186 3541 69
205 3485 408 3543 obsessionem
476 3483 644 3557 (eotilogici
661 3486 691 3555 9)
706 3485 752 3538 ab.
