2318 3788
477 149 720 215 -152-

95 297 219 359 calidam
251 295 487 358 intercidendam
515 294 561 356 vel
588 297 615 356 si
642 295 742 355 terror
769 295 864 357 suerit
893 297 925 356 in
953 292 1064 356 stomacb

95 389 177 448 croci
204 385 241 447 dr
270 385 290 446 S
319 394 399 447 teres
428 402 497 446 cum
525 402 597 446 suco
624 382 799 444 cucurbitae
822 393 855 445 et
884 401 957 445 suco
984 383 1064 444 linit

95 478 185 537 minis
207 483 238 537 et
262 493 334 536 succ
362 473 533 554 portulacae
557 471 672 552 aequali
698 472 801 554 modo,
829 490 918 534 cerae
941 469 962 539 5
982 471 1018 532 Vi
1038 489 1064 532 cc

97 567 173 626 cisas
202 582 271 626 curn
298 563 460 625 sufficienti
487 561 552 624 oleo
581 578 704 622 rosaceo
727 560 824 622 solves
848 568 880 622 et
907 579 976 624 cnm
996 561 1064 634 iniri

68 666 82 706 ὅ
97 653 211 714 daverit
229 652 316 714 rades
336 660 366 713 et
384 653 415 712 in
434 653 576 712 mortario
596 648 684 711 simul
703 649 921 711 commiscebis.
959 658 989 711 et
1007 651 1064 710 exin

97 743 173 804 duos
191 741 330 802 inductos
350 741 450 822 iacies,
470 758 563 801 unum
577 757 709 820 appones
728 747 847 800 etcum
866 738 963 800 calere
982 755 1064 818 coepe

97 830 183 892 tolles
212 837 242 892 et
264 830 392 890 alterum
419 829 561 908 trigidum
588 831 732 909 impones.
769 827 869 888 hieme
891 826 1064 890 antemittit

97 919 260 998 lexipyretc
293 919 401 999 uteris,
434 917 514 996 quod
546 919 685 997 superius
717 918 748 977 in
781 916 944 996 splenetica
976 917 1064 996 passio

98 1009 280 1087 scripsimus.

58 1110 84 1149 1⁰
188 1097 214 1156 si
233 1095 318 1156 tarde
338 1092 557 1176 desudaverint,
575 1093 640 1155 oleo
660 1093 892 1155 chamaemelino
912 1112 981 1156 cum
999 1091 1064 1154 mod

98 1184 197 1265 tepida
235 1183 283 1245 die
321 1185 424 1244 critica
459 1200 632 1262 perungnes
668 1191 700 1244 et
739 1183 925 1244 sufficienter
961 1189 1064 1262 aegroti

97 1275 230 1354 operies,
253 1281 284 1334 et
307 1273 406 1334 statim
430 1271 572 1333 sudorem
594 1271 775 1351 provocabit.
812 1271 891 1350 quod
918 1273 1024 1333 sinon
1044 1290 1064 1351 p

98 1365 260 1442 vocaverit,
283 1360 410 1441 periculi
432 1360 576 1422 indicium
594 1369 641 1421 est
659 1367 711 1421 aut
732 1359 877 1440 prolixam
898 1360 1064 1440 aegritudin

98 1449 238 1531 ostendit,
257 1468 346 1528 quam
361 1451 567 1510 macronosian
586 1447 698 1511 dicunt.
732 1455 802 1510 sunt
815 1456 917 1510 autem
935 1449 1000 1511 dies
1019 1451 1064 1511 crit

59 1537 208 1617 atquibus
227 1556 282 1616 per
297 1538 437 1598 sudorem
455 1555 599 1618 prospera
613 1539 742 1617 aegrotis
761 1537 970 1599 determinatio
987 1538 1064 1600 febri

100 1629 160 1687 sire
189 1625 336 1686 discussio
365 1626 430 1686 deri
457 1626 546 1707 solet,
573 1626 604 1687 id
632 1633 678 1687 est
705 1633 756 1686 aut
783 1625 824 1686 111
852 1634 904 1687 aut
931 1626 955 1685 V
984 1635 1035 1689 aut
1063 1627 1064 1633 ’

100 1723 151 1776 aut
173 1712 253 1774 Villi
276 1722 326 1775 aut
349 1713 390 1774 XI
413 1723 465 1775 aut
487 1713 583 1795 Xllll,
605 1714 663 1775 boc
683 1721 731 1775 est
752 1713 828 1775 duae
846 1714 1027 1778 ebdomades
1045 1735 1064 1777 o

100 1806 233 1885 iunctae,
256 1810 308 1863 aut
325 1801 403 1863 XVII
427 1812 478 1864 aut
496 1802 563 1863 XXI
587 1810 639 1864 aut
656 1801 745 1864 XXX.
782 1804 896 1864 sivero
919 1807 1011 1866 nimia
1033 1804 1064 1866 iet

101 1894 215 1972 aegroti
237 1909 348 1972 corpus
377 1890 559 1954 desiccatum
582 1892 687 1971 inerit,
714 1899 749 1952 ut
772 1893 860 1952 etiam
883 1899 914 1953 et
936 1891 1039 1973 lingua
1058 1911 1064 1954 t

60 1996 88 2035 2⁰
102 1981 224 2042 ditatem
247 1980 425 2062 ostenderit,
449 1980 496 2042 die
520 1982 637 2061 critica,
664 1987 699 2040 ut
722 1997 813 2059 supra
836 1979 950 2041 dictum
973 1989 1064 2063 esto

103 2068 333 2130 chamaemelino
362 2068 552 2148 singulariter
580 2076 676 2129 totum
699 2086 811 2148 corpus
837 2087 1011 2150 perungues
1034 2079 1063 2132 et

102 2157 195 2218 calida
223 2159 387 2237 semicupio
415 2157 583 2238 depositum
611 2175 710 2236 usque
736 2155 772 2217 ad
800 2165 904 2236 guttur
928 2158 1041 2220 embasi

102 2244 195 2306 hibita
214 2244 391 2306 tomentabis
411 2255 441 2307 et
459 2245 565 2307 exinde
585 2247 616 2306 in
636 2244 746 2306 lectulo
766 2252 973 2325 competenter
992 2266 1064 2328 oper

174 2415 281 2470 torcci
299 2417 333 2470 di
351 2433 377 2471 c:
406 2416 481 2472 croci
503 2417 611 2487 (ficari.
630 2416 662 2470 io
680 2416 758 2487 raa.)
776 2415 803 2471 S.
819 2433 850 2486 p.
960 2437 982 2474 s.
1006 2434 1064 2474 sem

102 2486 155 2542 lini
168 2503 200 2556 p.
286 2487 656 2556 tconcisep,ci1ciesc.
738 2486 859 2542 isimul
877 2503 928 2545 om.
948 2506 971 2543 c.
1045 2508 1064 2546 c

102 2558 204 2613 misces
222 2573 264 2626 cp.
337 2557 442 2613 discis
455 2574 486 2627 p.
559 2557 689 2612 inductos
707 2558 825 2628 (sic)cp.
898 2577 999 2615 unum:
1019 2567 1064 2616 imi

103 2632 129 2699 (ᾳ
149 2632 207 2683 unii
221 2629 280 2698 p0),
299 2633 357 2682 um'r
376 2645 398 2683 e.
471 2634 605 2699 tipones
624 2645 650 2684 c:
669 2644 794 2699 appones
807 2646 839 2699 p.
916 2630 1008 2687 nileos
1022 2649 1046 2702 p

102 2701 193 2756 lineos
211 2715 298 2769 supra
306 2701 367 2768 pi),
385 2698 506 2769 nigellos
521 2717 543 2756 c.
571 2701 606 2768 cf.
624 2717 646 2755 c.
661 2704 699 2755 42
713 2705 782 2756 ectr.
854 2701 939 2769 8le(i
953 2704 1064 2774 c)xipen‘

103 2787 190 2842 quem
209 2787 250 2841 cp.
324 2775 358 2824 10
371 2769 409 2824 Et
427 2771 452 2825 si
460 2787 491 2840 p.
565 2771 751 2826 cnmomelinc
762 2788 794 2841 p,
813 2772 976 2829 camcmillo
991 2791 1013 2830 c.

103 2844 149 2898 die
168 2841 273 2898 cretica
291 2857 313 2909 c,
332 2839 485 2896 diaeretica
498 2857 531 2911 p.
624 2847 656 2896 22
676 2842 769 2912 operis
790 2859 831 2911 cp.
920 2848 1058 2915 provocet

104 2916 197 2983 (-cbt
210 2917 253 2984 p).
359 2912 650 2981 aemmorrousae,
670 2913 861 2983 —noxiamp
962 2916 1061 2972 cretici

104 2992 138 3042 at
156 2984 261 3056 egrotis
280 2999 330 3039 om.
345 3000 375 3053 p.
464 2989 496 3038 16
516 2985 567 3038 aut
584 2983 618 3040 V.
637 2983 683 3039 die
702 3000 723 3039 c.
810 2985 1064 3056 1rx1n1p2x11

102 3059 157 3112 hoc
175 3059 218 3112 est
235 3056 305 3110 duas
324 3054 496 3110 ebdomadas
513 3055 675 3111 coniunctas
694 3057 758 3123 (sic)
776 3072 803 3110 c:
828 3071 878 3112 orn.
893 3073 924 3126 p.
1020 3064 1052 3115 18

103 3127 183 3183 XVII
201 3144 252 3182 om.
266 3143 298 3196 p.
383 3124 461 3180 XXX
474 3142 510 3196 pc
529 3125 606 3182 XXV
626 3142 648 3182 c.
740 3132 773 3181 19
793 3129 893 3197 egrotis
911 3144 1014 3198 corpus
1033 3129 1064 3185 dc

104 3198 282 3255 retemta:
306 3214 406 3268 corpus
432 3197 586 3280 egrotantis
609 3197 629 3253 f.
649 3197 821 3257 desiccatum
837 3215 868 3268 p.
978 3200 1064 3272 lingui

104 3275 140 3326 20
159 3268 313 3324 ostenderit
326 3275 374 3337 tt⁰=
398 3268 477 3323 -drt
495 3285 537 3338 cp.
646 3268 751 3323 cretico
772 3285 814 3338 cp.
923 3287 1010 3341 snpra
1027 3288 1064 3327 om

105 3348 137 3397 tt
158 3339 344 3396 camomelino
358 3356 394 3409 p,
413 3340 575 3395 cemomilla
593 3356 614 3395 c.
688 3356 787 3409 corpus
808 3341 901 3397 totum
915 3357 946 3410 p.
1021 3349 1055 3398 22

103 3412 198 3484 posito
218 3427 257 3480 cp.
331 3410 393 3466 basi
402 3427 434 3480 p,
452 3410 547 3466 bossin
561 3428 583 3467 c.
657 3410 786 3467 adhibito
804 3427 847 3481 cp.
919 3414 1064 3484 cooperis
