2318 3788
402 188 643 288 ÷1ae-

17 342 56 398 est
78 334 201 396 salivam
223 352 279 414 per
302 351 336 394 os
359 333 551 396 ostendentes
570 353 639 396 cum
661 335 808 396 solutione
832 339 976 419 corporis,
999 345 1030 399 et

17 426 182 486 esurrectio
217 426 282 484 siue
315 424 436 484 rationo
465 432 495 484 et
527 422 634 503 pulsus
664 423 842 506 inaequalis,
880 424 1029 504 aliquibus

17 532 81 575 nero
110 521 141 574 et
169 512 330 573 fastidium.
371 514 474 592 pueris
502 515 591 574 etiam
619 513 836 575 dormientibus
864 517 1028 576 masticatio

17 603 141 664 eflicitur
169 620 248 663 cum
279 601 396 663 modica
433 600 551 681 linguae
588 601 768 664 exclusione
821 603 1029 666 schematizato

17 693 100 753 etiam
123 710 177 752 ore
200 694 312 772 iacent,
335 691 473 752 similiter
495 701 531 753 ut
552 690 595 752 illi
619 693 670 771 qui
693 701 761 771 post
781 695 903 753 nimiam
925 705 1056 773 opera-⁵

17 783 123 842 ionem
146 788 312 843 resumunt
357 789 478 860 etpost
501 781 642 842 diastema
668 784 813 860 temporis
836 781 1029 844 modicissimi

17 869 189 950 uliquotiens
207 889 284 931 cum
296 869 425 930 clamore
444 877 593 949 exurgunt
612 877 643 930 et
661 872 721 930 cito
744 872 855 932 iterum
876 870 1029 950 deponun-

17 967 60 1019 tur
88 967 120 1021 et
147 959 287 1021 dontibus
316 958 509 1020 dormientes.
526 959 662 1020 strident.
704 962 850 1039 contingit
879 978 950 1020 vero
973 960 1030 1022 boo

17 1051 151 1127 puotiens
183 1050 247 1129 ipsa
274 1047 403 1109 violenta
435 1049 655 1109 insurrexerint
687 1048 832 1110 animalia.
877 1051 967 1110 etiam
1000 1057 1030 1111 et
1083 1104 1088 1115 .

17 1137 161 1217 tbqnibus
189 1145 392 1200 occurrentes
412 1137 557 1199 stomachi
584 1139 706 1198 nausiac
731 1145 762 1199 et
784 1155 903 1198 morsus
927 1152 1070 1199 causa-1⁰

17 1228 125 1288 tionem
152 1227 274 1288 iaciunt
316 1226 472 1306 aliquando
504 1234 534 1287 et
557 1228 741 1288 reiectantur
764 1225 956 1306 singulariter
978 1235 1030 1288 aut

17 1333 81 1378 cum
103 1316 203 1396 aliquo
226 1317 352 1378 humore
375 1316 542 1394 dogmatico
567 1323 618 1376 aut
641 1315 799 1376 cholerico.

100 1407 267 1467 curationis
292 1423 363 1466 vero
391 1414 526 1484 tempore
554 1406 680 1465 maxime
707 1406 739 1464 in
767 1406 863 1465 acutis
886 1403 1030 1486 febribus,

17 1496 36 1556 si
65 1504 96 1557 et
126 1497 300 1555 constrictio
329 1494 421 1555 fuerit
448 1496 575 1575 ventris,
610 1493 880 1573 cataplasmandum
908 1512 944 1554 ex
976 1493 1030 1554 lini

17 1587 135 1645 seminis
154 1592 184 1644 et
202 1584 297 1664 lupini
316 1583 411 1643 larino
428 1585 494 1663 pari
508 1583 597 1643 modo
616 1584 784 1644 commistis
803 1591 920 1644 etcum
935 1582 1030 1644 mulsa
1045 1594 1070 1636 1⁵

17 1691 87 1753 aqua
121 1675 281 1734 concoctis
328 1670 565 1754 cataplasmabis,
597 1671 663 1733 oleo
693 1671 823 1734 violaceo
857 1671 1030 1734 umbilicum

17 1781 116 1843 anges
140 1770 170 1822 et
193 1760 275 1822 molli
297 1761 364 1822 lana
382 1764 500 1842 operies
524 1769 556 1822 ct
578 1760 723 1822 lasciabis.
762 1768 791 1822 et
810 1769 879 1840 post
897 1761 1034 1841 expletos

17 1852 229 1932 cataplasmatis
257 1850 321 1911 dies
350 1853 497 1912 cerotario
526 1869 562 1911 ex
585 1849 733 1911 absinthio
758 1858 788 1910 et
811 1850 881 1910 olco
906 1852 1029 1929 cyprino

17 1943 148 2002 conlecto
178 1945 313 2000 ventrem
342 1939 397 2000 sub
426 1938 600 2000 umbilicum
623 1956 719 2016 usque
744 1940 907 2016 cooperies.
951 1941 1030 1999 etsi

17 2037 116 2091 uenter
140 2027 332 2110 abstinuerit,
359 2030 391 2088 in
419 2027 583 2088 infantibus
609 2025 723 2087 balanis
746 2028 865 2087 iniectis
888 2026 1029 2108 depones,
1044 2039 1071 2079 ²⁰

17 2137 39 2179 n
69 2118 135 2180 aliis
162 2136 234 2179 rero
260 2118 404 2198 perlectis
432 2124 527 2178 aetate
556 2115 683 2196 clystere
712 2134 747 2176 ex
778 2115 951 2176 decoctione
980 2114 1030 2176 ab·

17 2208 115 2270 cinthii
142 2207 272 2268 admixto
300 2206 387 2267 melle
415 2205 553 2267 deduces.
596 2213 627 2266 et
655 2203 823 2284 potionabis
846 2204 1030 2287 frequenter,

84 2421 100 2470 1
120 2429 171 2483 per
190 2431 220 2469 os
238 2431 289 2470 om.
309 2429 332 2469 c.
441 2419 456 2466 2
476 2397 646 2469 exsurrectio
663 2430 697 2483 p,
722 2411 863 2468 exurcctio
882 2428 904 2466 c.
1013 2418 1029 2467 3

17 2484 218 2542 dormientibus
236 2502 288 2540 om.
307 2501 329 2540 c.
401 2483 577 2540 masticatio:
596 2485 632 2552 cf.
652 2483 681 2539 G.
700 2485 736 2539 A.
756 2486 773 2539 l.
793 2501 815 2540 c.
830 2500 861 2552 p.
877 2487 940 2538 534.
1013 2488 1029 2537 5

17 2559 152 2614 iacentem
166 2573 190 2623 o,
204 2559 282 2612 -taa
295 2573 323 2625 p.
389 2554 504 2623 quidem
518 2571 560 2624 cp,
624 2555 795 2611 offiastemo
809 2571 835 2610 c:
850 2553 1029 2623 diestemap.

17 2635 112 2684 tcum
132 2658 166 2668 —-
186 2629 224 2698 (9)
244 2627 373 2697 quotiens
391 2643 442 2682 ont
462 2643 484 2681 c.
570 2628 694 2682 aetiam
712 2643 763 2682 cru.
783 2643 804 2682 c.
891 2642 917 2680 e.
937 2627 967 2679 et
984 2641 1030 2679 oc·

17 2701 156 2754 eumentes
169 2715 200 2768 p.
289 2705 321 2753 11
341 2698 524 2763 coiectante,
544 2697 715 2752 reluctentur
731 2700 795 2766 (sic)
812 2714 840 2767 p.
914 2702 947 2750 13
966 2696 984 2749 i.
1003 2713 1028 2750 ru

17 2770 138 2827 febribus
164 2769 240 2838 quod
258 2787 319 2826 esse
338 2770 419 2826 solet.
451 2769 476 2823 si
495 2771 525 2823 et
543 2768 705 2825 constrictio
722 2786 757 2838 p,
779 2769 799 2825 i.
818 2785 842 2823 a.
862 2766 986 2822 febribus
1006 2766 1030 2822 si

17 2878 45 2915 ex
58 2859 232 2916 constructio
247 2877 269 2914 c.
340 2864 374 2913 15
389 2875 452 2913 cum
466 2858 646 2927 squamulae
659 2868 690 2927 μ
764 2862 798 2912 16
814 2839 949 2911 umbilicb
963 2872 1029 2911 con·

17 2933 107 3002 tangis
122 2948 153 3001 p.
242 2937 274 2985 tr
295 2930 386 2999 operis
406 2946 447 2999 cp.
535 2935 568 2984 18
588 2946 621 2984 ex
640 2946 668 2984 c:
687 2930 760 2998 etp.
848 2932 880 2982 19
901 2925 1029 2982 confecto

17 3019 63 3061 nra
84 3019 107 3061 c.
180 3004 279 3057 venter
297 3001 349 3056 sub
363 3000 497 3056 umbilico
511 3017 600 3070 nsque
618 2999 746 3070 cooperis
763 3016 785 3068 o,
804 3000 932 3054 ventrem
946 2997 1031 3052 simul

17 3091 102 3144 nsque
122 3073 173 3128 sub
192 3072 325 3128 umbilico
344 3072 473 3142 operisp
495 3074 544 3139 (ec.
563 3071 664 3126 mediis
687 3071 816 3142 partibus
837 3069 909 3125 Occi.
928 3071 983 3125 chr.
1003 3076 1029 3136 4,

17 3151 67 3200 128
86 3150 156 3213 etc).
238 3151 272 3199 20
291 3143 321 3198 iu
339 3159 389 3200 om.
409 3160 449 3213 cp.
534 3143 645 3197 balanis
659 3159 695 3212 p:
714 3158 764 3198 orn.
784 3157 806 3197 c.
887 3140 1029 3206 inscitae,

17 3217 100 3288 leptis
115 3233 146 3286 p.
219 3215 335 3286 deponis
353 3231 423 3285 cpe
477 3213 677 3269 clodecario.
759 3230 793 3268 ex
810 3227 861 3269 om.
880 3228 922 3282 cp.
995 3219 1030 3268 22

17 3287 130 3371 deducis
154 3305 195 3357 cp.
304 3287 334 3341 et
355 3284 468 3357 potdub'
493 3287 654 3355 frequenter
676 3284 797 3340 maxime
814 3300 849 3353 p:
873 3287 903 3339 ot
922 3287 1029 3355 po'c‘dne

17 3375 134 3414 aramme
152 3376 174 3414 c.
737 3394 739 3398 ι
