2318 3788
154 524 344 584 Medicorum
368 523 543 584 Latinorum
570 524 623 602 qui
651 529 814 601 supersunt
842 529 937 581 aetate
966 523 1091 581 novissi·

62 633 132 675 mus
157 613 345 692 ultimusque
369 613 449 672 idem
473 613 525 691 qui
549 613 627 690 typis
654 613 819 689 impressus
843 610 984 671 oblivioni
1011 611 1091 671 fatis-

63 722 122 783 que
149 704 292 780 eripitur,
316 720 396 762 nune
416 704 547 780 primum
569 700 671 778 prodit
695 700 843 760 Cassius
865 699 980 779 Felix,
1005 701 1092 760 euius

63 791 234 852 Medicinae
258 809 314 870 „ex
338 793 454 868 graecis
471 790 583 868 iogieae
603 797 702 849 sectae
726 784 920 850 auctoribus“
942 782 988 871 (et
1006 806 1091 867 prae·

64 884 156 958 cipue
181 879 293 940 Galene
321 913 357 921 —
384 879 442 939 vid.
471 879 531 939 ind.
560 871 648 960 font.)
673 880 877 956 conscriptum
908 878 954 937 vel
977 887 1092 957 „trans-

63 965 181 1029 latum“
204 968 424 1046 breviloquium
449 962 563 1028 editum
586 967 656 1046 fuit,
680 968 759 1027 sieut
780 967 893 1027 codicis
914 958 1092 1026 Parisiensis

64 1065 199 1118 testatur
227 1059 398 1135 inscriptio,
424 1056 499 1135 „sub
530 1055 656 1116 ardebre
685 1063 714 1115 et
742 1055 871 1134 asclepio
900 1048 1095 1116 consulibus“

64 1149 84 1206 i.
120 1165 146 1206 e.
179 1145 299 1223 Calepie
327 1153 357 1205 et
385 1144 533 1204 Artabure
562 1138 756 1227 (Mommsen,
789 1143 903 1204 Zeitzer
933 1143 1093 1204 Ostertaiel

65 1255 92 1295 v.
117 1234 144 1295 J.
169 1231 234 1294 447
264 1233 341 1294 Berl.
365 1232 456 1293 Akad.
488 1230 573 1295 1863
601 1252 629 1311 p.
654 1226 735 1316 551)
764 1251 841 1292 anne
868 1230 943 1293 447.
988 1239 1094 1293 auctor

65 1325 196 1384 Latinus
227 1330 273 1382 est
303 1316 392 1406 (,‚n0s
420 1341 491 1382 vere
520 1321 610 1381 latino
640 1317 798 1381 sermene“
826 1340 851 1380 e.
880 1317 924 1382 25
953 1329 1009 1380 ete.
1056 1321 1093 1381 ei.

64 1413 129 1472 ind.
150 1405 224 1493 gr),
248 1430 307 1471 non
331 1411 476 1491 Graecus,
499 1428 597 1490 neque
617 1409 671 1471 ulli
690 1428 793 1470 eorum
815 1411 867 1489 qui
886 1409 965 1470 idem
984 1427 1094 1469 nomen

66 1508 182 1580 gerunt
210 1494 262 1582 (de
287 1499 398 1561 Cassiis
425 1500 549 1560 medicis
573 1519 598 1560 v.
628 1498 743 1559 Fabrie.
772 1498 846 1559 Bibl.
871 1498 920 1558 Gr.
946 1497 999 1577 111,
1028 1495 1094 1559 322

66 1583 167 1672 Harl.)
192 1589 343 1667 putandus
367 1589 460 1668 idem,
491 1590 587 1667 patria
610 1588 732 1667 quidem
755 1590 903 1667 incertus,
928 1587 1043 1648 seilicet
1068 1589 1094 1647 si

65 1680 187 1738 recenti
202 1677 314 1737 codicis
329 1677 507 1737 Parisiensis
522 1679 663 1755 scriptori
673 1677 747 1736 fides
756 1672 963 1758 ‚‚Artensis“
973 1669 1095 1760 (risten-

66 1763 135 1828 sis‘?
175 1763 343 1826 Cirtensis?
384 1784 453 1826 nam
483 1783 538 1843 pre
569 1765 725 1826 Ambracia
755 1768 877 1845 antiqua
908 1765 1025 1844 quande
1057 1764 1093 1825 ab

66 1854 197 1916 Araithe
217 1853 263 1913 vel
281 1854 431 1915 Arachtho
450 1853 541 1914 fluvio
561 1853 705 1932 appellata
729 1855 768 1914 sit
786 1854 858 1915 Arta
881 1885 918 1896 -
940 1855 976 1914 ei.
996 1853 1094 1914 Leake

65 1944 157 2004 Traia
178 1945 209 2001 in
228 1941 261 2002 N.
282 1942 330 2002 Gr.
350 1942 376 2023 1,
395 1940 460 2005 208
480 1975 522 1985 -
543 1959 603 2002 nun
622 1935 768 2025 constat),
795 1943 846 2002 sed
867 1950 962 2003 aetate
983 1961 1094 2021 suppar

66 2032 231 2092 Theodoro
259 2031 412 2092 Prisciano
439 2024 666 2114 ,‚Vindieiani*)
699 2026 782 2091 aud
814 2031 974 2112 discipulo,
1007 2034 1094 2093 euius

66 2124 115 2182 uti
136 2120 244 2179 Graeci
262 2120 393 2199 aequalis
413 2119 555 2199 Philagrii
574 2113 739 2204 (Epirotae,
759 2121 795 2181 ei.
814 2119 847 2180 E.
865 2119 968 2181 Rhode
988 2120 1094 2181 Rhein.

66 2210 147 2270 Mus.
176 2207 210 2268 N.
230 2207 261 2268 F.
291 2207 348 2289 32,
371 2202 453 2292 336)
482 2207 570 2287 paule
600 2211 722 2269 maioris
752 2211 961 2270 auctoritatem
994 2211 1093 2290 infert,

67 2300 200 2359 fortasse
222 2293 331 2376 „rifer“
353 2306 383 2358 et
406 2300 485 2378 ipse,
513 2305 617 2376 utpote
641 2301 693 2377 qui
717 2299 789 2358 citet
814 2297 938 2359 herbam
959 2299 1094 2377 putidam

65 2405 181 2469 „quam
199 2385 311 2448 Punice
330 2386 446 2448 aturhis
468 2381 591 2447 dieunt“
613 2380 654 2470 (e.
674 2384 730 2466 20,
756 2388 793 2447 ei.
812 2387 872 2447 ind.
892 2386 941 2447 lat.
961 2407 984 2447 s,
1004 2390 1093 2448 eorti-

67 2494 176 2553 zoneS,
199 2468 322 2557 gelela),
347 2475 515 2536 simillimus
540 2475 658 2535 dieendi
682 2493 791 2553 genere
813 2474 911 2536 Caelio
933 2475 1093 2537 Aureliano

69 2564 208 2626 eiusdem
232 2563 344 2624 saeculi
368 2566 466 2643 quinti
489 2562 604 2624 medico
629 2563 771 2625 Siccensi.

162 2651 264 2713 Utitur
288 2653 409 2732 quidem
432 2651 561 2732 Cassius
585 2671 620 2711 ex
645 2651 748 2713 Galeni
771 2651 865 2733 libris,
889 2653 1093 2714 celeberrimis

68 2744 234 2822 praecipue
257 2740 316 2801 illis
338 2742 396 2822 „ad
415 2735 626 2822 Glauconem“,
650 2742 702 2802 sed
726 2749 760 2802 ut
780 2742 893 2803 indicat
911 2744 1093 2822 praefatiun-

69 2830 139 2892 eula
163 2833 253 2891 etiarn
276 2829 342 2890 salsi
366 2829 469 2890 Galeni
488 2831 606 2890 novisse
626 2832 744 2891 videtur
767 2829 949 2909 Euporiston
973 2830 1093 2911 librum,

70 2922 125 2998 qui
149 2937 243 2999 quum
266 2921 430 2996 genuinum
449 2918 553 2979 Galerii
574 2938 650 2997 opus
674 2913 770 3002 (qued
789 2921 861 2980 citat
879 2922 944 2998 ipse
964 2919 1094 2980 Galenus

69 3007 111 3088 X,
137 3001 220 3090 955)
249 3008 471 3069 desideraretur
498 3009 557 3068 iam
587 3008 623 3069 ah
647 3007 784 3069 Oribasie
812 3010 843 3067 in
872 3010 967 3087 ipsius
995 3008 1094 3086 Eupo·

69 3100 169 3157 risten
189 3097 372 3174 praefatione
392 3090 489 3181 (Orih.
509 3096 545 3176 V,
569 3093 634 3158 559
654 3090 750 3179 liae),
774 3096 830 3157 suh
850 3096 953 3158 Galeni
974 3099 1093 3158 nemine

70 3186 173 3246 editus
193 3186 250 3246 iuit
269 3183 398 3247 Oribasii
417 3204 506 3247 eausa
524 3193 593 3264 pest
607 3183 779 3246 Oribasiunr
797 3177 844 3268 (et
863 3189 968 3247 mertis
987 3185 1095 3246 Iuliani

71 3308 292 3318 Α.,,..------,

146 3357 173 3426 *)
193 3357 228 3411 de
248 3373 304 3424 quo
323 3356 357 3412 ef.
376 3357 481 3415 Aneed.
496 3356 536 3425 ΙΙ,
556 3362 616 3413 lit.
650 3355 768 3411 Hermes
781 3355 867 3421 1111,
882 3361 929 3408 tn.

416 3581 725 3688 Qastussv
