2318 3788
508 164 727 230 -74..

109 309 256 372 detrahes.
293 311 382 371 etiam
401 316 432 370 et
449 313 562 372 ventris
580 311 764 390 egestionem
783 311 809 370 si
828 327 889 370 non
907 311 998 372 luerit
1015 309 1083 371 blan

109 399 235 480 clystere
262 396 446 478 provocabis.
487 398 594 460 dehinc
622 400 781 459 transactis
809 397 907 460 trihus
937 407 1005 479 post
1033 417 1083 461 soar

109 489 251 550 lationem
279 486 385 548 diebus
408 489 434 548 si
462 487 538 549 forte
562 487 660 567 aliqua
687 486 932 567 praecordiorum
960 491 1083 550 tensior

108 579 178 657 gitis
214 575 403 656 palpantibus
435 579 616 658 occurrerit,
652 575 750 637 trihus
781 575 947 638 seminibus
984 578 1083 658 catapla

81 665 216 747 ⁵mabis‚
254 683 322 725 narn
355 663 461 726 Graeci
493 668 675 746 trispermon
706 673 825 740 vocant,
862 665 893 726 id
925 675 973 728 est
1005 685 1040 727 ex
1070 667 1083 726 li

108 756 221 816 semine
254 761 380 814 contuso
412 763 512 833 partes
544 755 618 816 duas
650 763 682 814 et
715 753 820 814 hordei
852 763 883 815 et
915 755 994 815 iaeni
1026 774 1083 835 grai

107 841 269 922 pollinibus
296 850 397 922 partes
425 843 570 925 singulas,
598 841 693 903 mellis
716 849 748 903 et
770 843 828 903 olei
858 843 954 904 duleis
977 852 1008 905 et
1031 864 1083 924 aqu

109 931 188 1010 quod
211 931 364 992 suffecerit
386 933 417 992 in
441 950 501 992 uno
520 950 645 1011 coques,
669 939 699 992 et
719 931 952 1011 cataplasmabis.
989 942 1020 994 et
1042 952 1083 1014 po:

109 1038 197 1099 quam
224 1019 330 1080 tuleris
357 1020 547 1101 cataplasma,
579 1022 704 1081 maxime
740 1020 847 1081 hiemis
875 1029 1011 1101 tempore
1044 1041 1083 1083 mr

68 1120 94 1160 1⁰
107 1107 173 1169 lana
200 1108 264 1169 loca
291 1108 402 1170 tutahis
431 1117 461 1169 et
488 1109 633 1170 iasciabis.
674 1117 743 1188 post
769 1109 843 1170 haee
866 1113 966 1171 omnia
988 1121 1020 1172 et
1043 1131 1083 1191 po:

107 1215 196 1276 quam
214 1197 432 1277 cataplasmatis
450 1198 514 1258 dies
532 1198 706 1279 expleveris,
725 1197 867 1278 epithima
886 1199 933 1259 dia
953 1211 1083 1280 spermat

107 1305 252 1368 appones,
275 1295 386 1349 aestate
409 1306 480 1348 vero
504 1287 551 1348 dia
577 1286 710 1348 meliloto
734 1287 905 1366 epithimate
929 1293 1034 1351 uteris.

187 1375 275 1436 aliud
301 1376 338 1437 ad
365 1379 475 1438 siccam
502 1378 618 1437 tussim.
659 1378 718 1436 irin
744 1375 888 1455 illyricam
916 1377 1068 1457 decoques

107 1482 183 1542 aqua
205 1464 285 1525 dulci
304 1483 400 1544 usque
419 1466 455 1526 ad
473 1467 592 1527 tertiam
610 1473 739 1545 partem,
763 1472 793 1525 et
815 1467 846 1526 in
865 1468 930 1544 ipsa
949 1467 1083 1529 decoctio

67 1563 93 1604 1⁵
107 1552 142 1612 ad
170 1552 291 1614 modum
320 1553 420 1614 calicis
448 1556 572 1638 minoris
600 1553 690 1614 addes
717 1552 813 1614 mellis
845 1553 1014 1633 despumati
1045 1576 1083 1636 qu

107 1642 272 1721 suffecerit,
296 1650 326 1703 et
348 1643 458 1704 ieiunis
480 1645 565 1722 potui
587 1641 679 1703 dabis.

195 1731 343 1791 conlectio
363 1730 516 1792 electuarii
535 1730 687 1793 tussiculis
706 1731 797 1792 aridis
817 1739 847 1792 et
869 1732 906 1792 ad
929 1734 1083 1794 raucedine

106 1820 294 1880 couveniens,
331 1821 438 1899 recipit
456 1829 556 1881 autem
578 1820 632 1880 lini
650 1823 773 1881 seminis
797 1821 950 1882 torrefacti
972 1830 1003 1882 et
1026 1842 1083 1903 amp

27 1935 86 1976 ,134
106 1907 188 1968 dalae
208 1907 213 1987 Ι
234 1926 350 1969 amarae
378 1908 586 1988 desquamatae
614 1915 645 1969 et
671 1908 777 1970 leviter
803 1910 982 1970 torrefactae
1012 1921 1043 1972 et
1071 1931 1083 1991 9

65 2007 92 2048 20
106 1998 245 2075 quiritiae
264 2000 329 2058 suci
350 1999 483 2058 omnium
507 2005 647 2076 quattuor
669 2000 752 2076 paria
773 1998 914 2076 pondera
952 2000 1083 2079 singillat

178 2150 1080 2222 1999999999.9199991911991911999999.1119191999

105 2220 213 2276 Deinde
232 2221 541 2290 9999991999-
560 2221 970 2290 9199)119991999999999999”999
988 2241 1015 2294 9

105 2289 212 2346 semine
231 2293 397 2374 contemp:
416 2292 530 2347 seminis
549 2292 658 2347 contusi
676 2291 762 2362 (-—sis
779 2295 808 2362 9)
826 2309 867 2362 99
948 2294 1032 2350 duas:
1051 2296 1078 2350 II

106 2363 136 2417 99
154 2362 285 2416 ordei-
303 2360 430 2433 singulas
449 2379 500 2421 999.
519 2379 541 2418 9.
636 2363 712 2418 foeni
729 2365 824 2434 9(len
837 2366 879 2433 9).
953 2367 1083 2422 89919199

106 2449 140 2503 ep
158 2438 184 2488 99
201 2438 266 2488 onte
279 2449 388 2503 corr..9
462 2441 495 2490 10
508 2433 614 2488 tutabis
629 2451 674 2503 999
692 2381 839 2505 9191999199
858 2436 904 2504 (cf.
918 2444 1083 2506 suprac2

107 2504 356 2561 etiasoiabisom.
377 2523 398 2560 9.
484 2506 636 2576 posthaec
655 2506 761 2560 omnia:
780 2523 832 2563 om.
851 2525 892 2575 99.
965 2508 1083 2563 Postha

106 2576 202 2631 omnia
220 2577 249 2631 99
267 2577 479 2646 cataplasmatis
498 2576 524 2630 d.
538 2592 565 2645 9,
584 2579 614 2630 99
626 2578 776 2646 postquam
796 2580 903 2660 (omnes
919 2580 983 2634 odd
994 2583 1083 2649 9)99·

104 2647 299 2716 plasmatisd
319 2664 360 2716 99.
448 2654 480 2702 11
499 2647 637 2717 epithima
654 2664 714 2718 999,
788 2654 821 2703 12
840 2648 977 2718 diamelssl
986 2651 1083 2720 9)11999

104 2735 141 2788 99
160 2718 309 2787 (melliloto
328 2735 343 2774 e
360 2735 410 2773 om.
430 2718 495 2784 dia).
587 2718 724 2788 epithima
741 2736 774 2789 99
793 2720 890 2790 (epith'
893 2724 939 2775 ate
954 2723 996 2790 9).

104 2790 204 2845 tussim
219 2793 424 2872 9999999999
488 2789 949 2861 (999)99991(1199)19199999999(991
966 2792 1083 2848 Tema

100 2860 197 2930 99911ἰ
194 2867 216 2930 ).
292 2861 352 2915 14
343 2879 373 2915 999
392 2862 454 2930 1999
472 2861 635 2917 decoctione
652 2878 690 2930 99
709 2864 802 2931 (—am
822 2880 902 2917 -em
920 2866 954 2930 9).
1044 2871 1077 2919 11

104 2950 140 2986 m.
160 2932 242 2988 unias
261 2932 397 2988 calicise.
458 2932 684 3018 911999999999199.
773 2939 805 2988 16
825 2933 996 3004 sufficeritp
1016 2941 1083 2990 9999

104 3019 174 3061 corr.
193 3021 219 3074 9,
239 3004 383 3060 9991119199.
455 3003 551 3058 ieiunia
570 3006 636 3071 (1.9
656 3005 779 3073 -9ο)9,
854 3011 887 3059 17
902 3008 931 3060 99
944 3006 1083 3062 raucedini

104 3077 145 3144 (et
161 3076 238 3131 adr.
257 3079 309 3146 99).
419 3081 452 3130 18
471 3075 620 3144 99919199·
639 3077 724 3144 Repo.
828 3076 990 3147 amigdalae
1009 3094 1083 3132 amar

104 3147 307 3216 descemate9,
325 3145 459 3216 amigdal‘
478 3163 547 3203 ama
570 3146 798 3216 desquamatip,
820 3147 1027 3217 amigdalarum
1046 3165 1083 3203 999

103 3233 199 3271 aarum
217 3217 442 3273 desoamatarum
461 3217 903 3288 9191999999919991999
922 3236 955 3288 99
975 3222 1020 3289 (ef.
1034 3237 1083 3289 999

99 3289 259 3355 9,73,16).
331 3288 824 3371 9999199999-919,-999999999
898 3290 1083 3372 glyqnirioiae

104 3357 301 3428 gliqniriciac‚
318 3360 424 3429 hqrp.
501 3366 536 3414 20
555 3359 680 3415 omnium
698 3363 820 3428 quatuor
834 3378 880 3430 99.
898 3377 992 3430 caup.
1066 3363 1083 3416 si

104 3429 291 3500 gillatim9(
281 3430 449 3501 (dngilatim
468 3433 506 3501 9)·
525 3431 682 3502 singulap.
