2318 3788
471 204 664 269 ..5-.

84 348 118 408 hio
139 353 164 410 in
190 369 250 411 uno
280 348 367 410 simul
395 367 464 410 cum
490 359 573 411 aceto
603 360 633 411 et
659 369 782 411 rosaceo
810 350 876 411 oleo
904 360 955 412 aut
980 370 1073 431 spano

85 442 209 500 concoctis
237 447 326 519 caput
352 438 539 500 embrocabis
567 449 597 500 et
623 448 692 519 post
719 441 960 501 fomentationem
991 443 1075 500 tenui

83 524 131 588 lana
155 531 305 608 cooperies
329 536 359 588 ct
387 527 498 607 ligabis.
540 529 704 608 posthaec
729 538 758 589 et
781 531 911 589 srontem
933 529 1074 607 cataplas-

84 615 156 678 nabis
181 616 339 698 amygdalis
366 619 474 677 amaris
502 619 581 677 tritis
609 626 660 678 aut
687 618 768 678 molli
801 637 868 679 rosa
899 620 960 678 sive
993 612 1074 677 a'rida

83 705 159 767 inlusa
188 716 218 767 et
249 705 349 786 puleio
379 707 517 767 admixto.
569 707 726 786 aliquando
759 726 794 767 ex
826 725 902 787 pane
930 716 961 767 et
990 717 1101 767 aceto5

83 802 175 856 mentae
198 795 276 856 loliis
299 804 350 855 aut
372 797 483 874 persici
506 795 643 856 admixto.
681 795 755 856 haec
778 799 876 856 omnia
900 804 989 856 eruut
1016 796 1074 856 lne-

82 893 185 958 quenter
212 884 360 945 mutanda.
403 887 476 944 item
499 884 578 945 aliud
604 884 683 964 quod
708 884 908 945 adhibendum
930 883 1075 964 probatur

82 968 171 1050 dispari
192 981 359 1053 temporum
379 973 488 1054 dolori,
512 991 580 1033 nam
603 974 709 1034 Graeci
728 977 943 1035 eterocraniam
959 981 1076 1049 vocant,

81 1065 169 1123 otest:
192 1080 299 1123 erucae
319 1079 422 1142 semen
441 1070 471 1122 et
490 1062 628 1123 nucleum
654 1063 689 1122 de
708 1065 834 1142 persicis
853 1062 968 1141 aequali
988 1062 1075 1122 modo

80 1158 207 1231 conteres,
235 1170 271 1210 en
295 1157 379 1210 aceto
403 1149 537 1211 oblinies.
570 1151 659 1211 aliud.
689 1152 774 1211 aloen
802 1160 832 1212 et
860 1154 1076 1211 ammoniacum
1091 1165 1117 1204 10

78 1245 102 1297 et
118 1242 253 1300 masticeu
278 1258 347 1299 cum
370 1247 454 1300 aceto
478 1248 559 1299 teres
583 1249 613 1301 et
636 1239 741 1300 illines.

66 1321 80 1334 ‘
147 1329 181 1389 ad
213 1330 397 1388 emicranion
429 1346 499 1388 vero
530 1328 610 1389 aloes
643 1338 673 1389 et
700 1331 944 1408 crocomagmatis
976 1337 1077 1408 partes

74 1412 156 1498 lninas,
178 1416 307 1478 euforbii
325 1424 440 1496 partem
465 1435 553 1477 unam
573 1435 642 1480 cum
661 1425 745 1478 aceto
769 1425 863 1498 teres,
886 1426 1007 1497 tempus
1026 1416 1077 1477 ob-

71 1502 152 1566 linies.
192 1506 244 1566 sed
278 1509 304 1565 si
332 1507 442 1566 nimius
473 1506 564 1566 luerit
593 1506 690 1587 dolor,
723 1507 841 1567 sacculo
866 1506 969 1567 -calida
1002 1525 1077 1586 aqua

10 1620 13 1675 ξ
69 1593 156 1655 inluso
183 1604 214 1656 et
241 1613 397 1675 cupresso,
425 1602 498 1654 tunc
528 1596 640 1656 torrido
665 1595 724 1656 sale
748 1595 876 1677 repleto,
908 1599 1006 1675 primo
1032 1614 1076 1654 va·
1093 1611 1118 1651 ro

65 1683 175 1762 porahis
207 1693 237 1744 et
269 1691 339 1762 post
370 1685 592 1762 vaporationem
625 1685 765 1744 sudorem
798 1686 935 1763 deterges
967 1694 997 1745 et
1034 1687 1078 1744 sic

65 1773 307 1834 medicamentum
330 1790 421 1851 supra
444 1771 557 1833 dictum
581 1791 720 1853 appones.
759 1776 846 1833 etiam
867 1781 897 1833 et
916 1792 971 1852 per
990 1791 1077 1833 nares

131 1986 144 2032 1
163 1978 206 2034 his
221 2023 227 2037 .
244 2023 250 2036 .
266 2023 272 2035 .
289 1978 430 2035 concoctis
449 1995 484 2048 p:
515 1980 585 2034 haec
600 2020 606 2032 .
624 2021 652 2034 ..
672 1980 808 2034 concocta
827 1981 873 2047 (cin
893 1981 974 2034 cocle
993 1981 1017 2047 c)
1036 1996 1076 2050 po.

58 2068 146 2122 spano
167 2067 219 2122 pop
238 2053 268 2122 (i.
287 2068 309 2106 e.
333 2049 466 2120 hispano,
489 2067 522 2104 ece
544 2067 642 2122 gracco
665 2047 775 2105 σπανόν
798 2051 834 2117 cf.
859 2050 922 2104 Gal.
940 2056 992 2118 12,
1016 2056 1078 2106 513.

56 2130 88 2195 9ο
109 2124 182 2176 inter
200 2125 249 2178 lino.
274 2123 338 2178 add.
362 2126 435 2191 pum
454 2147 488 2167 =
507 2124 602 2191 puro):
629 2122 728 2192 ispnno
743 2128 786 2190 12⁰·
878 2123 906 2176 ei
928 2121 1078 2192 fenugreco

56 2195 121 2250 add.
137 2200 172 2262 p⁰
189 2199 254 2263 porc
279 2209 375 2263 spano.
466 2199 481 2246 2
509 2193 696 2247 embrocebis:
722 2210 831 2265 unguas
854 2209 942 2262 sopra
965 2210 1015 2248 scr.
1040 2200 1078 2264 9⁰.

54 2273 72 2321 3
93 2265 238 2334 cooperies
252 2284 288 2334 p:
308 2262 477 2335 co[c]operis
496 2281 526 2334 9,
546 2264 672 2333 cooperis
691 2280 712 2318 c.
795 2267 824 2318 el
843 2265 897 2333 (fr.)
916 2282 961 2334 pe:
982 2282 1032 2320 om.
1047 2283 1078 2334 p.

54 2343 71 2392 5
90 2336 207 2408 pulegio
231 2336 338 2391 amixta
361 2352 383 2390 c.
475 2333 650 2403 aliquantulo
673 2335 754 2404 penis
779 2338 808 2390 ei
830 2338 912 2390 aceio
930 2338 960 2390 ei
985 2341 1079 2390 mente

52 2409 132 2464 foliis
151 2411 201 2463 eui
217 2407 329 2477 persici.
371 2405 424 2460 hec
443 2410 490 2461 etc.
505 2423 528 2474 p
548 2407 608 2474 (suo
631 2407 739 2476 quidem
757 2422 861 2472 errore,
884 2409 1079 2462 nonodecimus

54 2485 94 2536 cni
107 2479 202 2548 foliis).
276 2495 354 2549 exp:
370 2481 435 2531 etc.
509 2477 668 2532 deiminio
683 2479 929 2546 loo'com.p(soloon).
1002 2478 1079 2532 Hnec

90 2545 184 2619 (liplz
202 2550 262 2604 Nec
281 2567 303 2604 e.
377 2550 567 2616 8tempornm
584 2550 629 2618 (cf.
645 2549 738 2620 Sino.):
756 2551 883 2618 tempore
897 2565 956 2619 gap.
1030 2550 1078 2603 do·

51 2569 123 2677 ionis
136 2639 178 2692 gc,
197 2625 227 2675 et
244 2621 340 2676 dolore
355 2637 386 2688 9.
459 2619 533 2672 Nam
547 2636 592 2690 pc:
611 2621 687 2689 quod
702 2623 742 2689 (q)
752 2637 783 2689 p.
857 2621 1079 2675 etheroeraniam

52 2711 95 2765 pc,
114 2691 298 2748 ethorocenia
314 2693 373 2761 (sic)
383 2708 413 2760 p.
488 2696 504 2744 9
524 2691 559 2745 de
573 2692 688 2760 persicis
707 2708 754 2762 epo
772 2691 863 2754 (Poto.
878 2696 927 2759 23,
940 2697 996 2747 132
1016 2694 1079 2745 itanc

54 2766 134 2821 Piioo.
151 2765 221 2831 innoc,
241 2763 374 2834 (impilm
395 2763 515 2830 desuper
533 2764 592 2832 (nie)
611 2780 671 2834 ppo.
744 2764 796 2817 sub
815 2768 879 2817 arcte
900 2762 994 2836 gquali
1014 2763 1078 2817 odd.

52 2854 76 2891 c.
159 2852 194 2890 ex
220 2851 247 2890 c:
277 2837 306 2888 ei
332 2851 364 2917 9,
391 2836 406 2887 d
432 2834 518 2901 (cum)
538 2851 568 2902 9.
647 2840 681 2888 10
705 2834 824 2889 oblinies
849 2851 893 2904 gc:
918 2832 1027 2888 oblines
1046 2850 1077 2902 p.

52 2908 116 2962 aloe
130 2924 162 2976 p.
245 2921 424 2989 amomacum
442 2921 479 2975 pp
498 2904 592 2986 (aloen
611 2905 802 2988 rameniecum
822 2908 855 2973 c).
947 2910 979 2957 11
1000 2906 1077 2972 etp:

52 2994 167 3105 iiiii
184 3066 230 3120 9.
248 2978 565 3116 mittimini?
581 2978 1078 3116 t>²stti⁰l·⁰¹¹tt²⁹uuintn

52 3139 99 3194 pp,
118 3121 281 3176 emicranon
300 3136 321 3173 c.
419 3118 496 3172 aloes
515 3120 544 3172 ei
562 3118 797 3188 crocomagmatis
811 3135 847 3186 p:
869 3118 952 3172 aloen
971 3122 1000 3173 ei
1018 3135 1078 3172 cro·

53 3208 203 3262 comagma
220 3207 261 3263 9ο.
355 3196 387 3243 13
406 3188 516 3243 euforbi
533 3207 559 3260 9,
579 3190 654 3245 -bii
673 3197 731 3260 9⁰12,
751 3189 833 3243 -bic'r
852 3205 875 3244 c.
912 3191 949 3245 ad
967 3207 1023 3244 reno
1042 3190 1076 3256 cf.

54 3265 269 3330 (19112595.
350 3262 478 3330 puniam:
498 3278 562 3330 pars
581 3263 636 3333 (pe)
656 3278 677 3316 c.
715 3277 801 3314 unam
819 3277 869 3316 oon.
890 3278 913 3328 c,
932 3263 981 3330 qui
999 3261 1078 3315 nano

54 3353 76 3390 c.
97 3337 179 3390 aceio
198 3351 256 3388 uua
273 3331 348 3388 ienis.
438 3335 513 3386 teres
532 3334 562 3387 ei
576 3336 596 3387 i.
611 3351 642 3402 p.
728 3335 842 3402 tempus
861 3350 891 3387 c·.
907 3332 1021 3398 timpum
1039 3347 1088 3395 up.

52 3405 173 3462 oblinies
202 3423 231 3476 p:
261 3404 375 3458 -niens
403 3420 428 3472 e,
458 3421 543 3461 -nes
566 3423 596 3477 p.
690 3411 729 3461 tl
751 3404 859 3460 luerim
886 3418 980 3468 supet
1007 3399 1057 3448 eds
1083 3408 1111 3440 c.

52 3479 205 3547 reomago.
280 3477 519 3549 15innncnm.p.
600 3487 841 3554 liperomp
