2318 3788
500 167 716 232 ..26-

97 319 160 373 toto
189 329 324 391 corpore.
365 320 396 372 et
422 312 489 372 illae
517 313 610 391 magis
638 329 714 391 quae
743 312 876 390 proxime
909 311 972 371 cuti
1005 311 1114 372 inerint
1152 364 1156 375 .

97 409 195 482 natae,
223 401 308 461 lacile
338 409 367 461 et
394 402 460 461 visu
484 408 514 461 et
541 408 621 462 tactu
654 407 889 480 cognoscuntur,
918 417 987 460 cum
1012 418 1044 460 se
1068 418 1114 460 ex·

97 492 189 550 tantia
212 498 243 550 et
271 488 398 550 durities
420 488 512 550 voluti
535 491 760 568 circumscripta
784 506 853 549 oum
876 486 988 549 rubore
1013 496 1044 549 et
1067 488 1115 549 do-

97 578 159 639 lore
188 577 367 659 ostenderit,
395 585 425 638 et
453 596 523 639 cum
546 579 680 657 coeperit
707 595 797 656 supra
825 576 904 637 diota
935 576 1063 638 durities
1086 579 1117 639 in

70 667 240 728 osaniolam
259 668 401 728 conuerti
439 666 485 727 his
504 668 597 746 signis
616 668 807 745 cognoscitur
825 667 952 726 maxime
976 668 1002 726 si
1021 668 1117 727 maius

97 756 189 816 luerit
221 762 380 835 apostema.
435 754 519 815 dolor
552 754 672 833 quidem
704 773 758 834 per
794 753 928 814 membra
965 753 1118 830 discurrit,

97 846 194 904 tonsio
222 846 311 904 etiam
340 843 474 904 eiusdem
502 843 560 904 loci
587 845 728 923 patientis
755 843 885 903 efficitur
916 861 985 903 oum
1015 861 1119 920 grave·

97 931 179 1014 dine,
212 929 329 993 dolores
361 933 535 993 increscunt
567 941 598 992 et
633 931 732 992 febres
765 939 930 1018 nocturnae
967 933 1119 1014 oriuntur,

97 1030 128 1082 et
155 1021 336 1082 dimissionis
364 1028 499 1100 tempore
527 1021 606 1081 circa
635 1019 743 1081 collum
775 1019 822 1080 vel
853 1019 985 1081 thoracis
1014 1029 1120 1100 partes

59 1129 86 1170 1o
100 1108 216 1170 modica
238 1110 420 1171 humectatio
443 1110 563 1171 sudoris
586 1111 723 1170 sentitur.

187 1206 217 1258 et
244 1205 402 1277 propterea
430 1200 593 1259 curationis
625 1207 760 1276 tempore
793 1198 824 1257 in
852 1197 917 1276 ipso
948 1198 1034 1258 initio
1060 1199 1121 1258 erit

96 1286 311 1369 festinandum,
344 1294 375 1347 et
406 1289 432 1346 si
468 1287 534 1347 lieri
565 1288 698 1366 potnerit
728 1293 905 1365 spargantur
933 1285 1055 1364 frigida,
1089 1295 1152 1355 etp

96 1375 278 1436 diaforetiois
302 1375 560 1454 cataplasmatibus
583 1375 733 1435 fervorem
756 1373 1000 1452 extinguentibus
1031 1393 1121 1436 oure·

96 1482 171 1523 mus.
207 1463 265 1523 hoc
288 1472 335 1524 cst
357 1463 548 1524 coriandrum
576 1465 682 1524 tritum
705 1481 773 1524 cum
802 1481 879 1541 pane
902 1481 993 1541 posca
1015 1464 1120 1525 inluso

59 1573 86 1614 rs
100 1551 338 1632 cataplasmabis,
357 1560 388 1611 et
409 1552 583 1630 frequenter
602 1549 740 1612 mutabis.
777 1560 828 1612 aut
845 1550 1023 1630 plantaginis
1048 1551 1120 1613 lolia

97 1658 166 1700 cum
197 1640 296 1700 infuso
325 1657 415 1720 pane,
447 1657 503 1699 nco
535 1658 595 1700 non
628 1643 718 1701 etiam
745 1648 776 1700 et
803 1640 1001 1700 scarilationis
1037 1659 1119 1702 com-

96 1735 236 1807 petentes
269 1727 451 1809 laceraturas
479 1727 562 1789 dabis
590 1747 664 1807 quas
692 1727 798 1789 Graeci
830 1728 967 1808 amyohas
999 1739 1119 1791 vocant.

97 1815 184 1877 alind.
222 1818 248 1876 si
275 1817 352 1878 lorte
376 1816 554 1877 musculosis
583 1819 614 1876 in
637 1817 712 1877 locis
735 1825 787 1878 aut
808 1816 992 1896 glandulosis
1014 1818 1120 1886 velin

96 1907 232 1966 mammis
255 1906 347 1966 luerit
368 1912 469 1965 tumor
487 1912 538 1965 aut
564 1905 704 1987 durities,
726 1905 891 1984 pulicinum
912 1924 1014 1966 semen
1035 1906 1119 1985 quod

57 2015 84 2057 eo
98 1993 203 2054 Graeci
230 1993 356 2073 psyllion
385 2001 491 2054 vocant
518 1992 611 2054 calida
633 1994 787 2076 infundes,
818 2003 848 2055 et
871 2012 940 2055 cum
962 1995 1118 2075 infrigida-

98 2085 175 2143 verit
197 2092 228 2143 et
249 2084 438 2143 inviscarerit
460 2081 584 2142 induces
608 2089 639 2142 et
661 2101 801 2162 appones.

169 2223 183 2270 1
203 2215 253 2270 ille
270 2234 304 2287 pc
321 2217 382 2290 (illg
400 2218 454 2286 θὴς
473 2216 524 2272 illa
538 2233 569 2286 p.
641 2217 732 2288 magis
750 2235 795 2288 pc:
818 2233 868 2272 om.
883 2234 914 2287 p.
987 2219 1118 2288 proxime

97 2304 124 2343 c:
144 2303 225 2341 -mo
243 2304 269 2357 9,
288 2305 371 2342 -ma
388 2294 445 2358 9⁰12.
519 2287 577 2343 cubi
596 2305 640 2358 cp:
661 2293 724 2343 oute
741 2306 768 2359 p.
858 2291 978 2344 inciae
996 2306 1027 2359 9,
1050 2293 1118 2346 nate

96 2375 123 2413 c:
142 2359 211 2412 nata
224 2375 255 2426 p.
328 2361 363 2414 el·
376 2361 451 2428 (poet
468 2359 562 2429 facile)
581 2377 626 2429 op:
646 2375 696 2414 om.
714 2376 740 2429 p.
817 2367 834 2414 3
853 2359 971 2415 durifiee
985 2377 1021 2431 p:
1041 2361 1118 2416 duri-

96 2429 182 2483 tiores
202 2431 265 2497 (stc)
284 2446 311 2499 9,
330 2429 449 2485 duritias
468 2447 489 2484 o.
576 2431 787 2500 circumscripta
804 2447 848 2500 pc:
869 2433 933 2486 —be
947 2448 978 2500 p.
1053 2449 1118 2488 cum

96 2501 710 2653 latonaeatltffllllltlatta·
729 2502 956 2654 illabili?
973 2503 1117 2644 affl

96 2641 173 2696 d1ota
186 2657 237 2696 om.
258 2644 333 2710 (cum
352 2643 469 2697 durities
487 2644 603 2712 capent)
612 2659 643 2712 p.
716 2649 733 2697 ὁ
747 2643 884 2698 samolum
900 2660 947 2713 pc:
966 2644 1077 2700 saniem
1086 2662 1117 2715 p.

95 2710 216 2767 maxime
234 2729 279 2781 pc:
298 2729 348 2769 om.
358 2731 389 2783 p.
463 2712 486 2767 oi
501 2713 589 2768 maius
603 2731 630 2769 c:
649 2713 673 2769 si
691 2714 781 2768 maior
794 2731 825 2783 p,
845 2713 875 2770 st
892 2731 960 2770 vero
979 2715 1072 2771 maius
1086 2733 1117 2787 1²·

97 2783 245 2851 dquidem
263 2799 308 2853 pe:
331 2800 382 2840 om.
400 2801 432 2854 p.
541 2785 706 2840 ‘lainedem
728 2802 773 2854 pc:
797 2801 847 2840 om.
866 2803 897 2854 p.
1009 2792 1042 2841 10
1073 2805 1117 2842 nu-

96 2853 171 2908 doris
189 2870 234 2922 po:
253 2870 304 2910 om.
318 2871 350 2924 p.
460 2861 492 2910 11
511 2856 715 2925 deproperet
733 2873 777 2926 pc:
801 2873 852 2912 ooo.
866 2873 897 2926 p.
1006 2857 1117 2928 inipso

97 2925 179 2979 initio
197 2942 247 2994 pp:
266 2941 316 2979 om.
336 2943 358 2981 c.
442 2931 474 2980 12
488 2925 613 2996 potuerit
629 2943 660 2996 y:
678 2927 783 2996 poterit
796 2944 827 2996 p,
846 2929 941 2996 potest
959 2945 982 2984 c.
1067 2929 1117 2984 fri-

95 2995 175 3065 gida:
194 2995 273 3049 -dis
291 3013 352 3066 pop.
463 3003 496 3052 14
515 3014 579 3052 cum
601 2997 682 3066 panis
700 3015 790 3068 posca
805 2997 891 3052 infusi
907 3015 939 3068 9,
959 3016 1024 3054 oum
1042 3017 1117 3069 pano

95 3069 177 3134 pasta
194 3066 288 3122 infusa
306 3084 329 3133 c,
348 3085 412 3123 cum
426 3084 499 3137 pane
513 3085 601 3137 pusca
614 3066 708 3123 infusi
722 3086 753 3138 p.
828 3074 860 3124 15
875 3069 946 3125 folia
959 3087 1006 3141 cp:
1025 3087 1076 3126 om.
1090 3088 1116 3142 9.

97 3143 129 3191 16
141 3154 204 3191 cum
213 3139 325 3194 addidi:
339 3156 390 3194 om.
399 3156 459 3208 pop.
483 3156 485 3161 ·
514 3138 703 3194 comisationin
715 3140 763 3207 (cf.
774 3157 796 3195 c.
806 3143 869 3208 24):
885 3141 1081 3198 scantationes
1090 3159 1116 3212 p,

95 3207 303 3264 ecarifacientos
313 3227 337 3278 c,
352 3209 603 3279 scarificationesp.
675 3216 707 3265 17
717 3211 888 3266 laceratores
901 3229 947 3281 pc:
962 3229 1013 3268 om.
1019 3231 1042 3284 p
1055 3214 1117 3282 (obt

94 3280 136 3335 aio
154 3297 190 3334 sc.
211 3283 402 3351 competentes
420 3281 525 3351 iacies).
607 3280 688 3335 dabis
705 3298 737 3350 g:
761 3298 811 3340 om.
831 3299 872 3352 cp.
955 3284 1061 3339 amicas
1079 3301 1116 3354 pp

96 3351 247 3421 (modaso).
312 3351 577 3421 19pulioinnmpop.
641 3357 676 3406 20
683 3352 798 3422 psillion
805 3369 832 3423 p,
841 3353 945 3423 psilion
950 3372 982 3424 p,
990 3354 1083 3425 psilon
1093 3372 1116 3411 c.

94 3427 130 3476 21
149 3423 180 3477 eb
196 3421 375 3478 mmscauerrt
392 3439 437 3493 pc:
456 3439 506 3479 om.
521 3439 553 3492 p.
625 3422 734 3478 inducie
751 3440 810 3494 pop.
883 3425 1003 3495 apponis
1019 3443 1080 3498 pop.
