2318 3788
476 177 673 222 ...V-

56 313 272 384 conservatus,
291 305 360 365 ‘uno
388 312 489 364 vetere
522 304 643 382 quidem
672 315 702 364 et
732 305 791 364 fido
825 305 877 364 sed
910 307 1085 384 imperfecte

57 399 125 457 sine
150 394 241 455 titulo
265 412 299 453 ac
323 395 442 454 nomine
466 395 578 472 scripto
603 386 650 475 (In
674 386 846 475 Germania)
876 393 911 454 ad
936 396 1086 474 exemplar

57 484 142 564 quod
161 491 247 543 recto
267 482 466 561 capitulorum
485 482 684 560 foliorumque
704 483 808 542 ordine
828 483 1006 544 destitutum
1021 493 1085 544 3131

56 573 263 651 mutilumque
288 581 318 632 31
341 572 529 651 lacunosum,
553 571 725 632 recentibus
749 571 866 632 duobus
886 574 1011 651 integris
1032 573 1084 634 sed

57 663 188 723 arbitrio
213 662 369 739 sculptoris
397 659 464 720 Itali
490 668 607 720 textum
631 660 794 721 obscurum
819 663 997 739 corrigentis
1017 681 1085 731 ,cor-

57 760 150 830 rupto
176 750 271 810 altero
291 749 452 810 Parisiensi
471 768 494 810 s.
518 748 598 829 XIII,
622 749 715 810 311313
736 749 972 828 cantabrigiensi
992 769 1014 810 s.
1034 749 1085 810 XV

56 848 187 920 propter
206 840 354 916 insignem
375 839 543 899 litterarum
560 837 763 898 obsolelarum
781 857 817 898 ex
836 847 938 899 vetere
957 839 1086 918 quodam

56 929 203 1007 bonoque
227 927 389 1015 exemplari
412 927 599 1006 depictarum
624 929 773 987 inscitiam
801 931 1085 988 monstruosissimo.

57 1017 264 1078 Parisiensem
289 1009 376 1098 (tune
400 1035 447 1076 no.
470 1011 570 1093 1125)
591 1018 706 1094 primus
730 1019 907 1076 monstravit
930 1016 1086 1096 Philippus

57 1106 203 1167 Labbeus
231 1108 263 1165 in
285 1105 366 1165 Nova
394 1103 465 1165 bibl.
488 1123 559 1165 mss
583 1104 729 1165 librorum
753 1124 775 1166 s.
801 1104 969 1183 Specimine
994 1109 1085 1185 antiq.

58 1195 128 1255 lect.
150 1194 217 1254 Par.
240 1190 325 1256 1653
349 1212 377 1272 p.
397 1190 455 1273 49,
479 1192 753 1271 GantabrIgiensem
777 1202 808 1254 et
830 1196 928 1272 ipsum
952 1197 983 1254 in
1003 1194 1085 1256 113113

58 1287 210 1362 scriptum
240 1277 281 1365 (v.
305 1282 366 1344 Gat.
391 1283 424 1342 31
444 1282 495 1343 the
518 1300 589 1342 mss.
613 1283 646 1341 of
672 1283 722 1341 tbe
746 1285 825 1342 univ.
850 1284 883 1342 os
909 1282 1085 1361 Cambridge

58 1372 99 1432 III
118 1392 148 1451 p.
170 1365 244 1454 82),
269 1373 321 1450 qni
340 1371 410 1431 olim
431 1371 487 1431 1311
505 1370 628 1431 loannis
647 1369 724 1430 Mori
743 1373 876 1449 episcopi
895 1371 1085 1432 Nervicensis

60 1456 124 1544 (no.
146 1453 219 1543 53),
243 1459 365 1521 exbibet
388 1459 545 1538 Gatalogus
569 1458 714 1520 librorum
738 1467 885 1520 mstorum
908 1460 1030 1537 Arrgliae
1054 1463 1085 1521 in

59 1569 157 1610 unum
185 1549 378 1610 3311311111.
408 1545 491 1610 1691
516 1557 536 1608 1.
561 1547 587 1608 11
615 1567 643 1627 p.
667 1545 731 1610 363
765 1556 837 1609 tunc
864 1549 1086 1629 „pulcherrime

59 1636 269 1717 descriptum“
297 1656 377 1698 nune
401 1637 522 1698 madore
552 1638 614 1698 1313
641 1637 773 1698 deletum
797 1645 830 1698 ut
854 1640 903 1697 vix
926 1639 1006 1716 legas
1030 1657 1085 1698 nec

59 1730 120 1788 nisi
150 1727 336 1806 reliquorum
365 1727 503 1786 codicum
531 1745 587 1804 ope
620 1726 735 1786 litteras
769 1745 857 1804 saepe
890 1736 1085 1787 evanescente

60 1817 226 1876 discernas.
273 1823 436 1893 utrimnque
465 1817 671 1874 testimonium
703 1818 816 1875 3313111
848 1814 871 1874 F
874 1815 1004 1875 abricIus
1038 1809 1085 1897 (B.

60 1905 111 1964 Gr.
132 1903 182 1984 Ill,
202 1896 292 1986 322),
317 1911 447 1963 attamen
466 1905 566 1982 ipsum
585 1910 700 1963 textum
718 1897 837 1986 (utpote
856 1897 1085 1985 „translatum“)

59 2011 151 2053 nemo
175 1994 320 2072 inspexit,
349 2001 502 2053 auctorem
526 1991 656 2052 Felicem
679 1993 867 2052 confundunt
891 2011 959 2052 curn
984 1992 1085 2052 Cassio

60 2081 275 2160 iatrosopbista
304 2080 417 2141 Graeco
445 2080 663 2159 problematum
692 2083 839 2159 scriptore
870 2080 956 2158 plane
980 2081 1084 2140 311313.

59 2173 182 2231 cautius
210 2169 432 2250 „Bibliothecae
461 2164 614 2230 medicae“
632 2169 769 2229 conditor
788 2171 1009 2230 vetustissimus
1034 2169 1085 2229 Pa-

61 2259 202 2320 schasius
226 2257 327 2318 Gallus
351 2251 431 2341 (Res.
454 2255 540 2319 1590
563 2277 592 2336 p.
612 2254 668 2338 56,
692 2259 771 2319 unde
797 2277 850 2319 sua
872 2258 897 2318 J.
918 2258 950 2318 G.
973 2258 1085 2318 Seben-

60 2348 150 2408 clrius
179 2366 195 2408 a
223 2347 428 2427 Gravenberg,
455 2347 550 2407 Biblia
578 2349 682 2407 iatrica
710 2366 733 2407 s.
762 2347 836 2408 Bibl.
865 2346 943 2407 med.
980 2356 1085 2408 macta.

59 2436 123 2497 Fri.
147 2431 231 2497 1609
257 2455 279 2496 3.
303 2429 345 2518 v.)
368 2435 508 2517 „Cassius
532 2435 614 2495 Felix
643 2436 764 2514 quidam
792 2436 949 2515 aquuoties
976 2431 1086 2496 citatur

58 2528 92 2586 in
112 2525 269 2604 pandectis
292 2525 418 2586 medicis
437 2524 562 2603 Matlbei
582 2524 730 2603 sylvatici
765 2543 855 2587 manu
873 2525 954 2586 illius
974 2527 1086 2603 scripta

60 2614 161 2674 adbuc
185 2622 302 2674 exstare
326 2613 436 2675 alicubi
460 2605 687 2695 coniicitur“.*)

153 2701 217 2780 Ego
241 2701 377 2762 Cassium
401 2703 490 2763 edere
514 2704 657 2762 constitui
683 2703 752 2762 inde
776 2702 813 2762 ab
837 2721 861 2762 a.
888 2698 982 2764 1856.
1028 2703 1085 2762 hoc

60 2793 144 2852 enlm
168 2809 245 2851 anno
273 2800 432 2870 postquam
459 2793 518 2852 iter
540 2790 709 2851 Parisinnm
733 2791 857 2852 moliens
887 2810 922 2850 ex
946 2791 1085 2870 Gatalogo

60 2883 211 2959 impresso
240 2873 326 2962 (bibl.
350 2899 411 2959 reg.
435 2880 500 2940 Par.
527 2877 612 2940 1144
640 2879 693 2960 III,
719 2873 800 2963 204)
828 2883 964 2940 notitiam
994 2881 1086 2941 habui

134 3070 161 3137 ¹¹²)
181 3085 232 3138 pro
263 3068 346 3124 Gallo
370 3069 444 3122 male
464 3067 581 3124 Gesneri
598 3068 807 3124 Bibliothecam
830 3068 930 3123 citavit
948 3069 987 3123 Le
1007 3069 1086 3124 (llere

60 3141 130 3195 bist.
157 3140 192 3194 de
214 3140 244 3194 13
268 3141 341 3195 med.
368 3146 436 3194 1729
459 3139 485 3207 Ι,
509 3145 561 3194 423
581 3170 615 3180 ·-
639 3139 776 3195 Gesnerus
799 3138 872 3194 enim
915 3139 946 3192 ui
963 3140 994 3193 in
1012 3139 1084 3194 Bibl.

60 3212 139 3266 inter
154 3226 201 3265 333
220 3227 254 3265 ex
269 3211 369 3280 quibus
384 3210 511 3266 hauserit
520 3211 621 3265 Malih.
633 3210 792 3280 Sylvalieus
803 3209 892 3264 Cassii
925 3208 1004 3265 elicis
1019 3211 1085 3264 sim-

59 3281 178 3352 pliciter
200 3298 301 3336 nomen
324 3282 433 3351 posuil‚
458 3281 498 3336 sio
521 3281 609 3337 habet
631 3282 661 3336 in
684 3281 759 3336 notis
783 3281 819 3336 ad
840 3280 929 3336 Cassii
947 3280 1084 3348 problem.

60 3352 95 3408 T·
121 3393 127 3406 .
145 3357 213 3406 15⁶2
232 3371 259 3423 p.
277 3358 312 3408 55
332 3353 399 3421 „sed
419 3355 448 3407 31
466 3352 555 3408 Cassii
571 3353 673 3408 Felicis
692 3351 795 3408 medici
809 3351 904 3407 Latini
917 3368 1022 3407 nomen
1033 3349 1084 3401 311-

59 3442 97 3480 33
119 3423 131 3477 i
149 3422 219 3493 legi,
238 3440 289 3480 neo
308 3423 450 3479 memmi‘.
