2318 3788
392 153 608 217 ..13-

25 303 49 356 ut
72 297 214 357 nasturcii
238 315 339 358 semen
363 315 432 358 cum
456 299 558 377 sinape
582 306 612 358 et
635 305 719 358 aceto
743 305 823 358 teres
846 305 877 358 et
898 297 1005 373 illines‚

24 393 49 444 ut
78 387 146 446 catti
184 389 326 447 stercoris
361 394 462 465 partes
499 386 573 446 duas
610 389 720 466 sinapis
757 394 873 466 partem
904 405 995 448 unam
1014 385 1084 487 23⁶5th

25 491 62 533 um
85 482 166 535 aceto
192 482 272 535 teres
296 483 325 536 et
356 475 459 535 illines.
481 471 486 554 l
508 474 608 552 [aliud.
646 475 791 536 avellanas
821 475 991 537 combustas
1001 469 1084 541 *sunna

25 569 126 624 onteres
155 582 224 623 cum
257 566 382 643 axungia
415 572 467 624 aut
495 564 579 643 adipe
614 567 718 626 ursino
749 572 779 624 et
805 563 871 624 oleo
901 564 937 624 de
961 564 1005 625 lu-

23 667 80 711 erna
97 662 127 712 ct
150 652 261 732 illines,
285 661 353 713 ante
372 671 442 712 vero
462 655 556 732 ipsam
574 653 729 733 alopiciam
748 655 828 713 uitro
846 655 918 714 trito
938 667 1033 714 cums

23 755 86 799 ranno
112 740 232 801 lricabis
257 751 287 801 et
304 742 410 802 illines.
457 741 544 802 aliud.
578 741 694 821 adipem
713 744 850 802 ursinum
869 742 1005 803 euforbio

23 828 111 889 ultum
136 848 205 890 cum
225 830 290 890 oleo
309 831 345 891 de
367 830 490 891 lucerna
511 830 617 891 illines.
655 831 742 892 aliud.
775 839 892 892 stercus
910 833 1006 892 muris

23 933 63 976 ¹arur
83 928 164 980 aceto
188 922 293 992 tritum
317 927 347 980 et
368 919 509 980 illinitum
532 919 654 999 capillos
678 920 786 981 educit.

224 1077 270 1139 Vl.
307 1079 357 1140 Ad
383 1079 605 1140 cantabriam
629 1081 769 1160 capitis.

37 1236 38 1239 =
81 1203 266 1264 Cantabriem
299 1203 405 1264 Gracci
436 1206 591 1283 pityriasin
623 1211 737 1265 vocant.
790 1205 916 1282 emergit
947 1205 1005 1264 ire·
1021 1219 1047 1258 ιο

23 1302 115 1364 [uenter
140 1312 176 1352 cx
202 1291 327 1352 humore
352 1295 414 1352 acri
436 1293 483 1352 vel
506 1295 735 1372 intemperantia
758 1295 893 1372 corporis
917 1311 1006 1370 quam

23 1375 95 1441 'raeci
108 1384 241 1442 acrasiau
260 1389 375 1442 vocant.
408 1384 541 1442 nascitur
560 1380 680 1460 quidem
698 1383 834 1460 pruritus
852 1383 884 1440 iu
900 1398 1006 1460 super·

23 1465 62 1528 lcic
85 1473 160 1531 cutis
189 1469 337 1549 capillosis
365 1472 397 1530 in
419 1470 506 1545 loeis,
535 1478 569 1531 ut
593 1472 682 1530 etiam
704 1471 895 1531 tenuissimas
919 1487 1006 1549 squa-

23 1554 86 1618 nillas
106 1559 164 1620 albi
189 1559 298 1619 coloris
321 1561 458 1620 emittant
481 1559 621 1620 cantabro
646 1559 771 1640 similes,
794 1558 873 1620 unde
897 1576 1006 1620 nomen

23 1643 142 1723 ›ituiasin
167 1650 292 1726 accepit.
578 1715 582 1722 ‚
1021 1661 1046 1701 15

80 1738 108 1797 in
136 1735 342 1797 curationibus
373 1754 443 1797 vero
471 1736 515 1796 lac
544 1736 664 1797 ovillum
698 1755 751 1797 seu
783 1734 929 1797 bubulum
961 1736 1008 1796 vel

25 1826 143 1898 aprinum
168 1843 238 1885 cum
257 1825 343 1885 molle
372 1827 458 1904 potui
481 1824 564 1886 dabis
586 1843 642 1904 pro
666 1827 885 1904 comparatione
908 1827 1006 1904 pruri-

23 1924 56 1971 us.
87 1917 195 1976 etenim
219 1915 388 1974 acredinem
416 1913 551 1974 humoris
580 1914 716 1974 addulcat
744 1913 789 1973 rel
817 1913 955 1974 obtundit
977 1921 1008 1974 et

23 2013 58 2059 lou
86 2006 201 2064 curiose
234 2002 286 2062 sed
319 2002 445 2081 simplici
476 2002 648 2063 inductione
681 2009 815 2062 ventrem
852 2002 1006 2080 depurgat.

23 2102 53 2146 ec
85 2111 141 2152 non
179 2093 267 2151 etiam
304 2090 473 2151 flebotomia
511 2109 546 2151 ex
583 2090 705 2150 brachio
743 2091 800 2150 erit
834 2089 1047 2172 adhibendam

23 2181 115 2241 auimo
145 2183 170 2242 si
202 2187 297 2240 aetate
325 2181 448 2240 iuvenes
476 2180 588 2240 luerint
613 2181 761 2258 patientes
785 2185 815 2239 et
842 2178 1008 2240 secundum

23 2271 124 2331 naturam
164 2269 294 2349 plurimo
337 2271 480 2347 sanguine
521 2267 749 2349 abundaverint,
786 2286 861 2346 quos
904 2267 1025 2330 Graeci-

37 2410 203 2478 ⁸lsynape
220 2423 246 2476 p,
267 2404 364 2474 sinape
380 2422 409 2474 p,
431 2403 495 2474 —pi
514 2420 534 2458 c.
633 2406 662 2459 et
681 2405 725 2472 (ex
744 2421 766 2472 c,
786 2403 814 2457 in
829 2405 864 2472 p)
883 2405 963 2458 aceto
982 2421 1008 2486 p.

23 2464 80 2529 lhnis
100 2493 159 2547 ppo.
273 2483 288 2530 2
312 2476 382 2531 catti
410 2475 481 2546 (goti
507 2477 531 2544 c)
556 2476 663 2530 stercus
685 2492 731 2546 pc,
760 2475 867 2528 siccati.
891 2492 912 2528 s.
937 2491 1013 2530 cons

23 2568 197 2628 peronneto
215 2564 289 2635 gatti
308 2568 366 2620 ster
383 2566 464 2634 corr.)
478 2581 509 2633 p.
596 2563 711 2633 synapis
728 2582 754 2634 9,
773 2563 878 2632 sinapis
893 2581 924 2632 p,
944 2563 1010 2632 -pi

23 2667 28 2678 ·
122 2645 138 2692 3
156 2636 244 2690 illinis
262 2635 426 2708 pe‚·-nies
441 2653 471 2705 p.
581 2641 596 2689 5
620 2634 708 2688 illinis
726 2653 765 2703 pc
789 2636 862 2704 (item
879 2651 904 2689 a.
926 2641 951 2690 6.
972 2635 1008 2703 7);

23 2699 32 2749 l
44 2718 73 2770 p:
90 2711 138 2764 aut
156 2725 178 2764 c.
259 2724 325 2763 vero
344 2724 394 2762 om.
414 2725 435 2762 e.
518 2705 580 2775 ipsa
597 2706 754 2775 alopiciap
773 2707 867 2773 (-am
886 2707 918 2774 c).
992 2711 1008 2759 6

23 2785 86 2832 *anno
105 2798 140 2849 p:
173 2794 247 2848 pane
271 2795 285 2832 c
308 2774 489 2848 (ἐκνιτρώσας
512 2776 561 2831 καὶ
585 2771 693 2832 ὀθονίω
718 2773 843 2848 depoldus
862 2777 924 2832 eat.
948 2775 1010 2844 XII,

23 2844 69 2913 06).
134 2850 254 2920 frigebis
265 2867 296 2919 p.
370 2849 495 2904 euforbie
514 2865 543 2917 p,
563 2853 597 2903 eri
610 2832 701 2904 forblo
721 2865 743 2903 c.
817 2847 967 2903 'llucernis
986 2863 1009 2902 e.

24 2925 49 2994 09
68 2920 188 2991 frequens
211 2939 274 2976 rena.
293 2939 318 2976 o.
338 2921 400 2975 Gal.
422 2920 497 2974 XII
499 2961 508 2986 ,
531 2923 596 2974 240.
616 2924 682 2975 329.
701 2924 763 2975 418.
806 2920 899 2974 Marc.
914 2936 944 2988 p.
964 2923 1008 2974 45.

23 2984 155 3047 ‘lllinilum
170 2994 231 3062 (sic)
241 3010 286 3062 pe.
365 2998 398 3047 10
412 2989 558 3061 potiriasin
571 3008 603 3060 p,
621 2991 746 3060 plinasin
764 3008 785 3047 c.
860 2996 892 3044 11
908 3007 972 3045 acro
987 3007 1009 3046 c.

26 3057 38 3104 2
54 3064 154 3118 aorasia
170 3082 199 3133 p,
218 3081 297 3118 -sna
315 3081 337 3119 e.
442 3062 556 3132 quidem
575 3079 590 3117 e
608 3063 720 3132 (Peleia
741 3061 857 3132 quidam
875 3079 901 3131 p.
977 3067 1009 3116 13

24 3139 125 3192 quantas
143 3153 157 3190 c
176 3137 283 3203 (Pete),
358 3140 391 3189 15
409 3133 532 3204 pruriasi
544 3150 572 3202 p,
591 3133 726 3204 pilinasin
744 3151 766 3189 c.
841 3139 873 3188 16
893 3133 1011 3189 ovillum

27 3203 150 3260 :ovinum
161 3224 183 3276 p
204 3207 307 3277 (Petu).
380 3205 516 3260 bubulum
531 3221 557 3259 c:
576 3204 743 3259 bubulinum
755 3223 778 3274 p
798 3205 901 3275 (Petu).
976 3209 1009 3258 17

23 3279 201 3342 =01nparalione
233 3295 248 3332 c
276 3277 385 3348 (Petr.):
417 3275 547 3331 acredine
569 3293 600 3344 p.
658 3277 722 3342 fort.
756 3275 1010 3346 comp(l)acatioue.

23 3342 40 3390 Ι8
56 3345 160 3404 adoleat
176 3367 212 3419 pe
231 3349 376 3419 (addulcat
394 3350 445 3417 ipe
465 3364 534 3404 corr.
554 3348 587 3416 c).
662 3353 695 3402 19
714 3353 750 3403 nd
770 3365 796 3403 c:
815 3353 835 3402 ia
854 3350 916 3418 (pro
934 3348 964 3415 fi)
979 3363 1011 3415 p.

23 3411 41 3460 ²2
56 3414 198 3482 plurimum
217 3419 361 3490 sanguinis
380 3437 401 3475 c.
