2318 3788
401 174 642 240 -155-

97 318 185 380 aliud.
228 320 331 399 opium
359 328 443 381 aceto
470 319 636 381 resolutum
661 327 691 380 et
718 319 810 381 lrooti
832 319 972 383 illinitum
996 332 1026 383 et

21 406 132 469 mribus
155 411 324 488 appositum
347 427 486 471 somnum
508 409 586 470 lacit.
624 416 675 469 aut
695 418 777 469 certe
801 411 899 488 ipsum
923 413 1024 489 opium

21 497 116 558 loculo
144 497 295 559 inclusum
323 505 354 558 et
380 497 429 559 iilo
456 497 578 577 ligatum
612 496 711 577 podici
743 500 861 578 inicias,
893 506 923 560 et
955 517 1025 560 oum

21 589 138 666 oporati
160 587 275 647 luerint
297 586 444 648 detrahes.

95 684 285 755 unguentum
303 676 502 755 soporiferum
520 676 674 737 irenetiois
692 677 881 737 conveniens.
916 676 1050 757 oodyas⁵

21 764 37 824 d
57 773 103 825 est
121 767 277 844 papaveris
296 766 422 844 agrestis
441 764 588 845 capitella,
613 763 780 845 serpillum,
799 765 926 827 hederae
946 765 1023 847 lolia,

21 861 191 933 astercum,
218 856 318 914 omnia
340 853 395 914 llll
422 856 453 914 in
477 871 553 933 aqua
576 864 605 914 et
633 852 699 913 oleo
727 853 877 932 decoquas
900 864 931 916 et
957 857 1022 935 ipso

21 941 71 1002 leo
95 943 200 1004 uteris.

93 1030 183 1094 aliud.
225 1031 353 1092 hederae
381 1031 465 1105 lolia,
494 1029 686 1092 chamaemeh
707 1030 811 1111 flores,
838 1031 1022 1112 spondylion,

21 1119 174 1202 terpyllon,
202 1119 326 1181 herbam
353 1122 506 1200 papaveris
534 1119 659 1194 hortini,
687 1118 891 1200 sisymbrium,
923 1123 1062 1182 omnia1⁰

21 1227 58 1269 ex
87 1208 177 1270 simul
205 1211 236 1268 in
264 1227 340 1289 aqua
368 1217 398 1270 et
424 1209 490 1269 oleo
519 1209 641 1269 decocta
667 1207 699 1270 'et
732 1210 837 1288 capitis
864 1209 940 1270 lotui
972 1210 1021 1271 ad·

22 1297 98 1359 ibita
122 1297 253 1359 dormire
278 1298 391 1359 lacinut
413 1298 582 1359 freneticos.

294 1475 395 1537 LXlll.
432 1475 479 1536 Ad
503 1475 733 1554 lethargicos.

92 1599 263 1679 Lethargioi
285 1600 426 1662 dicuntur
452 1602 474 1660 ii
502 1602 553 1679 qui
576 1599 713 1661 sensibus
738 1600 853 1662 obtusis
876 1619 945 1662 cum
969 1600 1019 1662 ob·

21 1692 112 1750 vione
150 1691 259 1749 mentis
296 1697 382 1749 acuta
418 1688 501 1749 lebre
538 1691 694 1751 iactantur.
746 1692 883 1770 sequitur
919 1699 1020 1752 autem
1034 1702 1060 1743 1⁶

21 1779 153 1839 atientes
172 1785 206 1837 ut
225 1777 462 1857 supradiximus
481 1776 574 1839 lebris
592 1785 692 1858 acuta,
717 1797 860 1839 sensuum
877 1797 1019 1858 pressura

21 1883 109 1927 omno
133 1865 252 1947 similis,
274 1865 500 1947 insensibilitas,
530 1874 628 1926 motus
657 1865 815 1927 difficultas
838 1885 907 1927 cum
929 1867 1019 1947 pulsu

21 1956 116 2016 stanti
140 1963 171 2015 et
193 1957 282 2015 inani.
314 1964 344 2016 et
362 1957 508 2034 contingit
530 1956 705 2034 iraqueuter
727 1954 801 2015 bueo
823 1957 923 2034 passio
941 1958 1018 2017 seni·

21 2063 56 2105 us
80 2045 176 2123 magis
199 2051 295 2105 aetate
318 2061 407 2123 quam
430 2042 601 2124 iuvenibus,
622 2050 759 2123 tempora
782 2043 902 2106 vernali

89 2134 123 2192 in
156 2132 361 2194 curationibus
397 2148 467 2193 voro
505 2133 644 2211 primitus
681 2132 760 2192 sicut
796 2134 827 2192 in
864 2133 1018 2195 freneticis
1032 2147 1058 2188 ²⁰

21 2220 157 2282 carilabis
190 2229 241 2283 ant
273 2223 381 2282 acriori
413 2220 540 2301 clystere
573 2219 730 2282 evacuabis
761 2228 793 2282 et
827 2231 916 2302 caput
947 2241 1016 2304 ory-

73 2488 89 2534 1
110 2481 234 2535 solutum
252 2497 274 2535 c.
366 2483 395 2535 et
413 2511 447 2520 -
466 2482 504 2548 (2)
523 2479 593 2536 lacit
615 2496 666 2535 om.
685 2496 707 2536 c.
798 2487 815 2536 3
838 2482 972 2538 flooulum
994 2500 1016 2550 o,

21 2551 166 2621 »llicl'mp
186 2551 270 2620 (-l’o
284 2554 339 2621 ,ey
420 2553 449 2606 ei
463 2564 498 2620 p:
518 2563 536 2604 o
553 2567 575 2606 c.
647 2551 742 2607 initiat
756 2567 787 2621 p.
860 2553 976 2625 tapeti
993 2571 1017 2623 e,

21 2623 130 2696 epatip
149 2623 253 2694 (sopati
266 2626 321 2693 φῦ).
410 2622 506 2676 trahes
519 2637 551 2690 p.
641 2621 787 2679 ocodiasz
808 2625 850 2679 aio
868 2640 908 2694 cp.
999 2632 1016 2680 6

21 2694 128 2765 epitula
142 2710 173 2762 p.
265 2701 396 2750 'lomnes
413 2693 467 2748 1111
484 2694 548 2760 (eie)
567 2709 595 2760 e,
613 2707 664 2748 ono.
678 2710 709 2763 p.
800 2695 906 2750 stolia
922 2712 974 2753 orn.
993 2713 1015 2752 c.

21 2766 152 2821 ememoli
164 2783 196 2836 p,
216 2764 394 2822 camamelini
412 2781 435 2821 o.
508 2763 642 2834 spondilii
659 2764 811 2835 heripilion
824 2782 846 2833 o,
866 2765 1015 2837 spondilio.

21 2854 170 2925 apula..
280 2861 313 2909 ιο
332 2854 418 2910 aaut
431 2871 458 2922 ο,
480 2854 555 2909 orara
569 2868 600 2923 p.
709 2852 843 2910 unimam
860 2871 887 2923 ο,
906 2843 970 2910 -a¹
984 2873 1014 2926 p.

21 2943 98 2982 mnes
148 2927 167 2981 l.
202 2925 279 2981 siin
301 2943 378 2995 aqua
395 2927 424 2982 al:
442 2942 467 2982 o.
486 2941 514 2995 c,
537 2923 640 2982 Omnia
659 2924 743 2980 simul
765 2926 795 2980 in
814 2926 877 2982 oleo
895 2928 926 2982 et
943 2943 967 2984 a.
983 2945 1014 2998 p.

21 3023 32 3070 t
59 3014 163 3084 capitis
180 2995 260 3084 potui
274 3028 310 3083 p:
330 3013 417 3084 copiti
435 3015 529 3070 iocum
547 3031 570 3071 c.
654 3019 685 3068 12
704 3013 774 3069 facit
792 3030 833 3084 cp.
918 3021 951 3071 ta
970 3017 1015 3071 Ad

21 3085 146 3156 torgicos
169 3074 200 3140 σε’
218 3085 261 3139 Da
283 3084 305 3138 li
372 3085 399 3140 'a
441 3127 447 3139 .
556 3091 591 3140 14
608 3084 746 3155 Litargici
764 3087 817 3153 (oie
834 3092 948 3157 semper)
972 3105 1013 3158 cp.

25 3148 96 3211 :bii
113 3173 141 3223 c,
159 3156 204 3238 bia
217 3172 248 3224 p.
337 3099 447 3212 'abscissa
465 3172 492 3224 c,
511 3156 621 3227 optusis
634 3173 665 3226 p.
745 3162 776 3210 26
796 3159 878 3240 ocula
895 3158 973 3215 fabra
990 3176 1013 3228 o,

21 3229 84 3282 cuba
103 3227 176 3281 lehn
190 3242 221 3295 p.
313 3232 470 3282 lassando
494 3244 520 3282 c:
544 3243 687 3296 sensuap.
780 3232 812 3282 18
838 3230 915 3285 moni
934 3247 949 3285 c
965 3232 1013 3298 (ef.

21 3297 73 3354 hei.
88 3297 125 3353 A.
139 3313 182 3354 oc.
198 3303 230 3366 2,
247 3299 288 3367 3)=
306 3297 392 3353 meiol
407 3299 472 3367 (aie)
485 3315 515 3368 p.
588 3301 618 3354 et
635 3314 686 3354 ema
697 3314 728 3368 p.
800 3300 970 3373 contingunt
981 3319 1013 3372 p.

21 3375 33 3424 i
52 3368 163 3426 vernali
181 3385 207 3426 c:
227 3384 313 3425 verno
327 3385 358 3439 p.
431 3375 466 3425 ao
485 3368 642 3426 (iurationis
660 3369 791 3439 primibus
810 3386 834 3438 e,
853 3370 1014 3429 durationis

21 3457 65 3495 ero
85 3440 239 3510 primordio
253 3457 285 3509 p.
357 3445 392 3494 22
411 3440 585 3498 aoambcebis
600 3456 645 3512 cp.
717 3444 774 3497 auh
789 3457 848 3497 oro,
864 3459 892 3496 c,
