2318 3788
486 145 727 210 -134—

186 292 273 354 aliud.
328 291 363 351 ad
397 289 494 351 colum
527 298 558 350 et
589 289 751 351 ischuriam
788 289 820 350 id
855 297 904 351 est
936 291 1040 351 urinae
1070 287 1111 349 ab·

98 383 269 442 stinentiam
292 388 323 441 et
350 379 386 439 ad
415 379 542 440 stroium
570 379 600 439 id
629 386 675 439 est
702 385 819 438 tortum
847 381 973 439 ventris.
1015 379 1111 458 cymini

98 470 251 530 torrefacti
283 477 313 529 et
335 466 404 528 salis
426 466 449 537 ὀ
472 467 618 548 singulos,
646 468 759 546 piperis
787 484 882 545 grana
906 465 999 527 XXX.
1039 464 1111 527 dabis

99 566 196 618 totum
223 556 326 617 bibere
351 574 420 616 cum
442 574 535 635 aquae
563 554 680 635 tepidae
708 554 873 615 sufficienti
897 556 998 616 modo.
1035 557 1111 616 etiam

72 655 130 706 set
157 645 309 706 conditum
333 646 511 706 nelreticum
539 644 713 722 frequenter
736 641 802 703 dari
831 651 970 726 oportet,
997 645 1111 705 maxime

99 736 125 794 si
148 736 212 793 sine
236 733 318 794 sobre
342 734 441 794 luerit.

188 821 275 882 aliud.
317 821 353 882 ad
386 821 577 882 inflationem.
619 819 761 900 epithima
789 819 837 880 dia
868 828 1045 900 spermaton
1070 827 1112 880 aut

100 909 147 970 dia
167 928 305 971 samsucu
325 913 464 989 superius
488 909 522 970 ad
542 909 725 969 inilationem
744 908 893 969 stomachi
917 911 1112 989 conscriptum

99 1017 238 1077 appones.

59 1101 85 1140 10
189 1087 276 1148 aliud.
319 1087 356 1148 ad
384 1086 490 1148 colum.
532 1085 621 1146 alium
651 1088 765 1146 siccum
794 1103 864 1146 cum
892 1086 1015 1148 modico
1037 1084 1112 1146 melle

100 1176 202 1255 pipere
227 1184 257 1236 et
280 1175 429 1236 coriandri
453 1175 531 1236 loliis
554 1176 717 1235 contritum
740 1173 841 1235 addito
865 1173 1032 1254 liquamine
1054 1190 1113 1235 cum

99 1263 164 1323 oleo
193 1283 298 1345 spano,
327 1273 470 1326 autenm
496 1265 562 1323 iure
590 1262 718 1343 pullino,
742 1280 802 1323 non
826 1263 894 1323 oleo
924 1264 979 1325 sed
1004 1262 1112 1326 condito

101 1355 274 1435 commixto,
301 1351 477 1413 mirabiliter
505 1351 606 1411 colicis
634 1351 801 1411 auxiliatur.
844 1359 897 1413 aut
921 1361 1008 1414 certe
1031 1353 1114 1433 ipsius

100 1440 150 1500 alii
178 1443 274 1520 spicas
301 1448 441 1520 purgatas
469 1442 616 1520 integras,
643 1441 669 1498 si
698 1438 875 1517 grandiores
899 1458 1031 1502 numero
1053 1448 1113 1519 tres,

60 1541 86 1582 rs
102 1530 127 1588 si
163 1532 291 1590 minutas
314 1529 347 1611 ¹V
379 1537 430 1588 aut
461 1527 525 1608 Vll,
562 1529 733 1607 vespertino
765 1535 904 1606 tempore
941 1534 1113 1590 transvoret:

101 1633 218 1676 omnem
242 1620 448 1678 ventositatem
472 1634 541 1677 cum
564 1616 730 1694 dogmatico
753 1615 882 1677 humore
907 1617 1041 1680 deducit.

190 1708 215 1766 si
246 1725 317 1766 vero
350 1705 465 1765 iliacam
496 1706 666 1784 passionem
699 1705 792 1782 signis
826 1723 920 1784 supra
951 1705 1113 1768 memoratis

101 1797 269 1875 agnoveris,
310 1794 463 1873 praedicto
504 1793 651 1871 passionis
687 1791 837 1873 periculo,
877 1793 1113 1873 permittentibus

102 1881 228 1964 viribus,
252 1892 320 1943 ante
344 1899 432 1960 quam
456 1881 491 1941 ad
516 1889 683 1940 stercorum
706 1881 852 1940 vomitum
875 1887 1068 1964 perveniant,
1087 1883 1113 1941 in

60 1984 87 2025 20
101 1970 222 2031 brachio
259 1988 363 2032 venam
401 1987 500 2030 cavam
532 1967 660 2028 mediam
692 1967 910 2031 flebotomabis.
964 1973 991 2032 si
1027 1981 1114 2033 tamen

101 2060 238 2120 nimietas
266 2059 377 2119 doloris
406 2059 550 2136 coegerit,
579 2057 667 2116 etiarn
695 2064 726 2115 et
755 2059 1006 2137 vaporationibus
1029 2069 1059 2122 et
1078 2061 1114 2119 in·

101 2147 278 2208 iectionibus
312 2163 401 2225 supra
437 2146 608 2205 memoratis
641 2145 685 2204 uti
723 2152 852 2224 oportet.
900 2147 955 2208 sed
990 2151 1017 2210 si
1049 2148 1114 2208 sorte

101 2236 192 2296 nimia
224 2236 434 2296 intestinorum
467 2231 610 2292 verticula
643 2234 703 2292 sive
743 2232 931 2295 involutione
970 2243 1114 2317 acceptum

176 2428 190 2474 1
210 2422 357 2478 incuriamz
377 2421 445 2490 dis(e
458 2419 574 2488 c)uriom
592 2435 634 2488 cp.
706 2426 722 2474 2
743 2420 780 2475 ad
802 2423 948 2478 scorofum
967 2425 1006 2480 ad
1024 2427 1114 2489 torro,

102 2493 269 2550 adstrictum
287 2495 305 2549 i.
324 2493 431 2548 bortum
445 2507 476 2560 p,
548 2496 564 2544 3
583 2490 741 2560 5singulaa
755 2507 777 2546 c.
852 2494 999 2551 lbiberez
1018 2496 1085 2550 libre
1096 2508 1114 2556 c,

102 2583 191 2635 cnop
210 2568 253 2632 (ut
272 2566 353 2619 δίδου
372 2564 466 2615 πίνειν
486 2560 569 2628 Gal).
642 2561 840 2631 aquatepida
858 2580 901 2633 cp.
978 2561 1115 2621 sufficienti

101 2637 187 2693 modo
206 2653 241 2705 p:
266 2634 451 2690 sufficientem
473 2631 588 2686 modum
613 2648 635 2686 c.
726 2632 814 2688 eiiam
835 2650 887 2689 om.
909 2652 931 2692 c.
1027 2643 1114 2692 dueu-

101 2708 205 2764 fraliev'r
224 2725 252 2775 e,
275 2704 392 2760 nefrebid
405 2719 439 2804 p.
512 2701 633 2757 maxime
653 2701 677 2755 si
695 2719 721 2757 e:
746 2702 773 2757 ei
795 2705 921 2762 maxime
941 2708 993 2778 qui
1008 2726 1038 2780 p.
1101 2709 1113 2758 t

102 2818 181 2872 febre
200 2831 223 2884 c,
242 2812 322 2867 -bri
343 2810 432 2880 (-b3)
447 2824 478 2876 p.
551 2807 736 2876 lepibhimia
753 2825 782 2876 c,
802 2810 912 2893 epiih'a
926 2830 958 2883 p,
1033 2811 1114 2868 gffip.

103 2903 253 3010 rur
271 2901 304 3023 a
685 2895 733 3002 e
753 2881 861 3006 mii
880 2885 1036 3010 onir
1053 2886 1114 3007 <ot
1155 2926 1157 2945 =

265 2973 293 3008 m
350 2995 356 3008 .
575 2991 581 3003 .
621 2991 626 3002 .
875 2974 882 3006 ε
1016 2999 1023 3012 ,
1107 2979 1115 2990 -

102 2970 385 3113 ἓέῖίηὲρῗωοὲοα
403 3031 537 3110 elidmine
556 2965 618 3091 ep
651 3053 715 3090 cum
726 3044 778 3106 φοι
803 2969 889 3111 eiga.
922 2972 1114 3116 ἑῗῖορῃΗίῃο

97 3136 132 3188 p:
152 3115 260 3187 polline
279 3132 301 3169 c.
389 3117 422 3166 13
442 3111 593 3166 commesto
612 3123 638 3176 c,
658 3111 813 3164 comestum
828 3129 860 3181 p.
947 3121 982 3170 14
1001 3113 1114 3180 alloivp.

102 3195 158 3244 nv'ro
183 3190 240 3241 tres
260 3202 287 3240 e:
310 3183 359 3237 ΙΙΙ.
373 3200 404 3253 p.
497 3183 529 3232 15
554 3179 578 3232 ei
595 3178 718 3232 minutas
737 3196 764 3234 a:
788 3182 899 3238 minute
914 3201 946 3254 p.
1037 3188 1115 3240 boas·

104 3262 199 3316 vorate
219 3274 241 3313 c.
348 3260 381 3310 16
400 3249 514 3307 deducit
532 3266 558 3315 c,
578 3250 681 3330 -cpnt
699 3250 750 3318 (ci)
764 3268 796 3319 p.
905 3261 939 3310 1v
958 3257 1078 3326 yliacam
1089 3267 1114 3322 p,

101 3332 209 3386 illicem
228 3346 250 3383 c.
333 3331 367 3380 20
386 3340 458 3378 vena
477 3337 547 3375 cava
564 3318 657 3373 media
670 3336 705 3387 p,
728 3338 832 3378 venam
851 3326 978 3382 mediam
997 3345 1020 3385 ο,
1087 3328 1113 3377 tt

100 3403 187 3458 etiam
207 3417 259 3454 om.
280 3413 295 3450 e
313 3396 352 3462 (et
371 3396 435 3449 add.
450 3393 506 3462 φῦ).
579 3389 808 3448 iniectationibus
827 3411 850 3451 e.
