2318 3788
490 155 731 219 „155-

102 301 208 362 rodino
237 299 431 362 embrocabis.
472 299 641 381 posthaec
669 297 726 359 sub
748 299 894 363 umbilico
923 300 974 362 ilia

102 400 133 452 et
159 409 248 452 coxas
276 397 307 451 et
333 407 474 451 manuum
501 398 533 450 et
559 389 670 469 pedum
697 391 886 450 summitates
916 399 996 452 ruta(

101 481 233 560 sicyonio
257 487 309 540 aut
331 478 397 539 oleo
420 480 515 540 veteri
537 494 717 558 perungues.

191 567 281 629 aliud.
323 568 419 646 sinapi
446 585 515 628 cum
543 569 649 628 caricis
677 574 708 626 et
735 565 829 627 farina
858 567 996 630 hordeao

74 665 186 718 saceto
214 657 336 718 decocta
365 664 396 717 et
423 658 454 716 in
482 656 689 736 cataplasmate
717 655 885 717 visceribus
914 657 996 719 adhil

101 747 193 805 citant
215 744 402 824 lethargicos.

190 832 278 894 aliud.
320 833 427 894 domus
454 833 601 895 luminosa
633 842 664 894 et
690 835 833 894 stramina
859 834 937 895 dura
965 854 996 897 au

100 920 208 1001 frigida
231 925 369 984 stratoria
392 922 543 984 substrata
565 925 697 984 excitant
719 921 865 983 similiter.

190 1010 278 1071 aliud.
316 1010 410 1092 thymi
433 1029 517 1091 cyma
544 1013 575 1072 in
598 1020 682 1072 aceto
706 1010 830 1072 decocta
854 1029 923 1072 cum
947 1030 995 1072 me

61 1099 215 1160 reficienti
241 1102 307 1179 ipso
335 1100 451 1179 liquore
481 1102 527 1160 ori
553 1101 653 1161 infuso
685 1100 785 1161 educit
813 1099 921 1179 flegma
949 1110 980 1162 et

101 1186 287 1268 lethargicos.

191 1276 280 1338 aliud.
316 1280 495 1339 sternutatio
514 1279 609 1357 spissa
628 1296 665 1338 ex
684 1277 820 1338 etrforbio
844 1277 891 1338 vel
915 1278 996 1340 strut

100 1383 137 1425 ex
159 1368 263 1445 pipere
288 1374 319 1426 et
342 1375 477 1427 castoreo
501 1369 618 1426 excitat

190 1454 277 1515 aliud.
320 1457 425 1534 capitis
453 1473 557 1516 rasura
585 1457 694 1516 excitat
724 1457 749 1514 si
780 1458 878 1516 urtica
911 1456 997 1516 feriat

60 1557 87 1598 15
102 1541 162 1602 sale
185 1542 319 1602 fricetur.

302 1675 304 1679 ’
398 1701 512 1763 nxuu
548 1703 598 1764 Aa
621 1703 818 1764 caruncos.

189 1825 244 1888 Est
258 1833 358 1888 autem
372 1825 506 1887 cardiace
524 1831 623 1907 passio
640 1828 785 1889 distensio
804 1827 994 1890 membranae

101 1933 137 1976 ex
165 1933 224 1994 qua
246 1917 392 1994 contingit
419 1914 566 1977 exhalatio
592 1917 658 1977 fieri
684 1918 798 1978 animae
825 1936 881 1996 per
910 1917 996 1979 sudor

99 2004 223 2085 uicum,
254 2011 390 2065 tumente
423 2003 595 2065 membrana
629 2004 729 2066 cordis
760 2023 796 2066 ex
829 2007 996 2067 anteceden‘

59 2108 87 2148 ro
100 2093 239 2153 frictione
262 2100 314 2154 aut
335 2094 448 2154 vomitu
471 2093 622 2172 frequenti
645 2101 697 2154 aut
720 2112 757 2154 ex
779 2093 950 2176 adustione,
977 2114 996 2173 q

100 2198 264 2241 encauseos
286 2181 399 2242 dicunt
436 2183 574 2260 sequitur
592 2191 692 2244 autem
711 2190 848 2261 aegrotos
870 2185 996 2262 perfriet

100 2268 250 2348 culorum,
269 2271 359 2330 nimia
377 2272 507 2349 parvitas
524 2270 642 2352 pulsus,
666 2289 754 2350 quam
773 2273 984 2351 microslyxian

173 2427 186 2475 1
208 2420 341 2477 umbilico
360 2439 401 2492 cp.
474 2423 537 2477 iliu:
557 2426 586 2479 et
603 2422 655 2478 illa
673 2441 700 2490 c,
720 2425 749 2479 et
766 2424 826 2493 ylia
840 2424 909 2494 (alia
923 2432 988 2479 oute

101 2509 191 2578 (omasi
208 2510 251 2577 et).
337 2512 456 2579 unoque
475 2528 502 2579 c,
523 2513 642 2582 uterque
655 2519 692 2582 pe
710 2518 735 2568 et
753 2519 817 2568 aute
835 2529 905 2569 corr.
925 2531 940 2569 c
959 2516 996 2582 (nt

99 2595 169 2636 corr.
183 2581 225 2650 p).
317 2584 382 2637 let
399 2583 474 2649 (cute
492 2586 587 2652 coxas)
604 2600 655 2639 out.
669 2601 701 2653 p.
792 2586 878 2640 3ant
898 2585 988 2641 veteri

99 2650 232 2721 4sinape
246 2668 277 2720 p.
350 2652 486 2708 ordeacea
503 2671 530 2709 c:
549 2654 627 2709 ordei
640 2671 672 2725 p.
744 2658 810 2710 bot
828 2657 996 2726 cataplasma

98 2721 253 2778 hibendum
271 2739 293 2778 c.
367 2722 471 2779 excitu
483 2741 519 2794 p,
543 2724 632 2781 exiiet
650 2742 672 2782 c.
746 2727 887 2782 8oxoitst
900 2745 937 2796 p,
961 2744 996 2783 ex¹

98 2799 118 2850 9,
133 2793 197 2849 timi
216 2810 249 2863 cp
267 2793 362 2863 (thimi
375 2797 430 2864 ρο).
521 2814 631 2852 comam
650 2800 754 2867 (—mo)
773 2814 814 2867 cp.
906 2799 996 2854 decoc*

98 2885 204 2938 etcum
218 2882 303 2938 melle
317 2901 338 2938 s.
353 2883 413 2955 ipfri
426 2883 534 2953 liquore
548 2886 590 2941 ori
602 2885 710 2941 ifnrum
728 2903 751 2956 c,
769 2903 833 2940 cum
847 2907 868 2943 s.
887 2888 996 2943 mell'e

97 2976 144 3044 iffi
161 2971 205 3028 ori
221 2973 330 3028 infusus
344 2990 375 3043 p.
449 2980 481 3028 11
500 2973 647 3044 liturgicon
664 3004 699 3016 -
717 2976 775 3045 (14)
794 2976 899 3032 excitat
917 2992 996 3033 om.e

98 3045 123 3100 si
144 3044 247 3100 uritica
269 3044 410 3100 sanciatur
432 3061 454 3099 c.
546 3051 579 3100 15
630 3045 722 3101 'etur
739 3063 770 3116 p.
863 3055 895 3102 lo
919 3048 996 3103 Dee

96 3115 271 3186 passionep.
365 3122 397 3172 1⁷
416 3116 511 3185 passio
534 3134 613 3172 nnc.
653 3117 767 3174 ‘tensio
785 3135 816 3187 p.
910 3125 943 3174 18
967 3135 996 3174 at

96 3189 181 3256 per(t)
200 3188 343 3271 sudorem:
362 3186 480 3258 pindere
489 3205 520 3257 p.
591 3187 724 3243 tetricum
737 3191 785 3257 (cf.
801 3188 873 3245 (lael.
888 3190 925 3246 A
939 3207 983 3245 oar.

97 3279 162 3331 186.
180 3280 259 3344 190):
278 3282 332 3339 pet.
351 3277 405 3333 icit
419 3293 450 3347 p.
516 3283 548 3332 19
561 3275 759 3348 perfricatione
768 3295 798 3347 p.
864 3284 898 3333 20
912 3281 962 3334 aut
976 3281 996 3349 (i

97 3349 168 3417 etp.
240 3364 325 3416 quam
343 3364 459 3404 muscos
477 3365 504 3416 c,
528 3365 613 3419 quem
638 3365 790 3404 eneaneoos
803 3366 835 3419 p.
908 3357 942 3405 22
961 3368 996 3420 pu

97 3417 198 3474 micum
216 3418 304 3473 faciat
321 3435 343 3488 e,
362 3420 464 3475 micros
482 3419 550 3475 fixis
565 3437 594 3491 p.
