2318 3788
378 197 616 262 -187-

73 339 163 403 aliud.
201 347 314 401 cretam
337 340 485 402 cimoliam
508 359 577 402 cum
595 341 724 404 alumine
747 345 841 421 scisso
860 359 936 420 aqna
955 360 1001 403 re-

27 448 81 490 ses
109 437 141 491 et
168 447 223 509 per
250 436 348 490 totum
375 428 412 490 ab
439 429 612 510 inguinibus
639 438 670 492 et
696 434 814 511 pectine
842 449 939 510 usque
965 432 1002 493 ad

27 517 76 580 des
99 520 131 580 in
155 517 218 578 sole
241 517 365 579 chlines.

73 606 155 668 aliud
173 606 210 666 ad
229 607 416 687 hydropicos.
454 625 620 688 sympasma
642 608 871 670 desiccatorium
894 626 1001 670 arenae

27 698 129 759 uentis
153 694 363 771 adobrutione‚
392 714 481 776 quam
510 696 729 758 ammochosian
751 706 870 773 vocant,
898 704 929 758 et
950 697 1030 778 hy·⁶

27 787 108 864 spica
137 792 168 846 ct
195 787 274 846 sicca
302 785 422 868 lavntio,
451 803 525 865 quae
550 804 566 846 a
589 785 710 846 Graecis
733 786 882 847 xerolusia
905 786 1003 866 appel·

27 892 72 934 ur.
101 874 132 934 id
147 883 195 934 est
213 882 408 954 sympasmate
427 876 512 954 prins
526 876 646 954 corpori
659 874 778 935 sudanti
791 877 822 935 in
837 893 905 936 aere
925 874 1003 936 bono

27 980 172 1024 acrorum
199 980 335 1042 asperso,
362 970 393 1024 et
421 965 464 1024 sic
492 962 601 1023 sabano
629 965 709 1024 sicco
736 962 944 1045 detergantur,
975 971 1004 1024 et

27 1049 157 1112 nmulta
181 1050 292 1132 cyclico
315 1052 412 1113 modo.
449 1051 625 1113 mirabiliter
648 1059 799 1132 operatur.⁵

116 1183 255 1246 LXXVII.
292 1185 341 1245 Ad
364 1186 675 1265 praefocationem
698 1187 869 1247 matricis.
1018 1205 1045 1243 rc

75 1280 332 1343 Praefocationem
351 1285 484 1344 matricis
507 1286 645 1363 sequitur
667 1282 785 1344 subitus
809 1300 905 1366 casus,
923 1285 1004 1343 vocis

27 1372 150 1449 putatio
169 1379 203 1430 nt
221 1369 438 1453 obmutescant,
461 1380 492 1433 et
510 1371 706 1452 apprehensio
726 1389 847 1451 sensus,
869 1369 1005 1432 dentium

27 1458 114 1518 nfirio
134 1465 165 1519 et
184 1459 295 1520 stridor
317 1460 440 1539 rapidus
462 1462 503 1521 ita
527 1470 560 1521 ut
583 1461 763 1520 accessionis
786 1467 922 1538 tempore
945 1477 1004 1520 una

27 1564 54 1606 rs
74 1549 137 1606 oris
157 1547 193 1607 ad
212 1547 334 1608 alteram
352 1560 468 1627 partem
487 1547 615 1610 conduci
638 1547 786 1628 videatur,
809 1547 1004 1610 articulorum

27 1637 167 1717 ntractio,
198 1636 443 1715 praecordiorum
470 1637 654 1717 suberectio,
684 1638 779 1716 ipsius
808 1639 940 1698 matricis
968 1635 1004 1696 ad
1019 1649 1044 1689 1⁵

27 1725 161 1802 periores
192 1732 292 1804 partes
329 1725 510 1805 subiugium.
559 1733 631 1786 tunc
669 1727 757 1786 etiam
793 1725 924 1786 thoracis
956 1744 1005 1786 ex·

27 1814 80 1872 rtia
108 1813 238 1873 allicitur
266 1821 297 1874 et
327 1813 432 1894 pulsus
459 1815 602 1895 parvitas,
633 1811 781 1892 aliquibus
810 1822 840 1873 et
868 1813 1005 1874 alienatio

27 1903 97 1961 entis
126 1908 157 1961 et
183 1903 293 1962 iterum
319 1901 417 1963 subita
439 1903 604 1982 resumptio
632 1903 673 1961 ita
695 1908 730 1961 ut
752 1903 851 1961 omnia
875 1919 949 1980 quae
973 1903 1004 1962 in

27 1991 158 2050 cessione
183 1993 332 2051 senserint
355 1989 537 2050 dimissionis
560 1998 694 2068 tempore
718 1989 924 2050 recordentur.

58 2111 75 2159 2
94 2105 220 2174 pectine:
239 2108 348 2176 pedena
366 2123 395 2172 e,
412 2106 544 2189 pudenda
557 2123 588 2176 p.
679 2111 697 2159 4
716 2110 840 2175 sipasma
858 2121 899 2175 ep.
988 2111 1004 2160 5

27 2179 127 2230 ventes
141 2180 206 2248 (esp.
279 2178 315 2232 cd
335 2177 504 2232 obrimonem
523 2195 546 2246 c,
566 2176 808 2246 adobritionemp
828 2178 878 2244 (ad
895 2192 951 2231 rem
969 2178 1004 2243 cf.

27 2248 87 2300 tius
109 2253 159 2313 10,
182 2253 230 2303 27.
254 2254 294 2303 28
316 2254 342 2303 et
365 2254 395 2316 3,
418 2254 444 2304 9,
488 2248 556 2303 (icis.
580 2253 610 2315 3,
634 2253 692 2316 21).
808 2247 960 2302 emocisian
983 2265 1005 2316 c,

27 2317 132 2372 rocosih
144 2335 176 2386 p.
249 2321 279 2374 et
296 2317 432 2389 ydropica
439 2337 475 2444 p,
493 2320 523 2374 et
539 2318 666 2388 tropicon
684 2335 699 2373 c
717 2318 791 2386 (fort.
806 2320 850 2372 est
866 2319 915 2387 h).
990 2325 1005 2374 6

27 2391 86 2458 totu
100 2388 197 2457 c)lnsis
216 2407 258 2459 cp.
345 2396 360 2444 'l
379 2389 397 2444 i.
418 2390 439 2460 (i
477 2392 531 2460 est)
550 2391 687 2460 sispesmu
704 2388 781 2460 prius
800 2389 924 2460 corporis
943 2407 1005 2444 asu·

321 2462 385 2510 prius

27 2511 109 2579 utic,
129 2515 158 2567 at
172 2512 383 2584 sipnsmabapel'
399 2531 417 2583 q
435 2515 466 2582 (q
483 2515 534 2570 del.
548 2517 595 2584 ρο)
611 2513 734 2584 corporis
750 2512 864 2568 sudanti
873 2529 903 2582 p.
976 2513 1007 2569 in

27 2615 55 2655 re
77 2601 153 2658 bono
176 2603 353 2658 lavacrorum
371 2619 399 2658 e:
422 2603 452 2657 in
477 2602 633 2673 lsveorisp
653 2603 701 2670 (es.
720 2600 794 2656 Ooel.
813 2602 884 2656 Arar.
905 2601 960 2658 chr.
980 2606 1006 2669 3,

27 2675 62 2739 7).
132 2689 244 2744 asperso
259 2691 281 2742 c,
296 2691 363 2729 -sa
371 2691 402 2744 p.
471 2680 487 2728 9
502 2673 581 2728 licito
595 2674 679 2728 modo
693 2689 715 2742 e,
731 2672 803 2727 ciclo
817 2672 901 2728 modo
910 2688 943 2742 p,
957 2673 1007 2727 ubi

27 2747 105 2798 notat
112 2751 149 2814 1⁰⁰
166 2747 185 2800 i.
203 2761 224 2800 e.
240 2751 373 2801 corrector
386 2761 500 2800 cccmus
515 2759 583 2800 saec.
600 2743 694 2798 XIV:
718 2742 737 2798 i.
751 2743 835 2798 modo
849 2743 903 2798 boc
921 2744 1005 2799 modo

27 2829 38 2868 s
61 2814 190 2871 iterando
216 2833 285 2887 opus
309 2818 338 2873 et
361 2816 398 2872 sd
419 2816 496 2871 idem
519 2815 613 2886 sapius
636 2814 802 2870 revertendo
827 2813 870 2868 its
895 2815 1007 2870 videtur

27 2885 57 2938 et
75 2886 204 2942 dubitem
222 2889 261 2956 (t).
343 2889 475 2958 operatur
492 2887 556 2955 (sic)
574 2902 616 2955 cp.
704 2891 737 2940 10
756 2886 797 2940 De
815 2884 1007 2954 prolocutione

40 2971 71 3036 ρ..
182 2965 213 3012 11
234 2959 359 3014 matricis
377 2976 412 3028 p:
437 2960 487 3012 urit
510 2959 626 3027 (autem)
646 2968 668 3013 c.
778 2961 811 3010 12
830 2956 965 3025 aphensio
983 2973 1007 3024 c,

27 3037 96 3140 pibo
107 3081 137 3133 p.
212 3082 343 3120 sensuum
358 3083 379 3122 e.
454 3070 486 3120 13
502 3063 637 3120 confrixio
652 3079 674 3118 c.
747 3061 862 3132 rapidus
876 3079 904 3117 c:
918 3077 1006 3132 osup,

43 3174 91 3239 oto
108 3189 142 3241 p:
161 3172 337 3228 detractione
356 3189 377 3228 c.
463 3171 613 3240 subereptd
630 3171 695 3239 (sic)
712 3186 740 3237 c,
759 3168 930 3238 sumectiop
949 3172 1007 3241 (με-

27 3255 144 3329 nnense
166 3261 226 3317 sor.
245 3279 276 3330 p.
300 3261 424 3331 24912).
499 3264 532 3314 rc
558 3240 696 3330 subriguo
714 3276 750 3328 p,
774 3258 967 3329 usnmrganc
993 3275 1008 3314 ε

27 3329 138 3402 ναφυγή
163 3332 223 3388 Sor.
245 3351 274 3402 p.
292 3335 369 3416 249).
488 3335 521 3386 ll
544 3347 648 3412 parvus
672 3347 695 3386 c.
804 3346 830 3385 a.
854 3329 883 3385 at
906 3329 1008 3384 mentis

27 3404 125 3458 ‚eneho
139 3421 175 3473 p,
194 3422 219 3460 e.
239 3403 374 3459 alienatio
393 3404 422 3458 at
439 3401 553 3458 mantin
569 3415 592 3457 c.
680 3407 714 3456 18
733 3401 846 3457 subdita
865 3418 886 3456 c.
974 3405 1007 3454 19

27 3475 179 3532 cessionem
197 3492 238 3544 cp.
312 3473 431 3530 senserit
449 3490 477 3544 c,
499 3471 675 3545 sumpserint
689 3486 720 3541 p.
792 3471 949 3524 drumm
964 3483 993 3516 o.
