2318 3788
488 214 526 224 -
578 175 641 241 108
673 128 729 221 ’-

104 324 194 384 iacies
227 332 257 385 et
288 326 320 384 in
352 321 427 382 lanis
459 320 613 383 redactum
649 321 774 400 patienti
808 318 874 380 loco
907 336 1042 400 appones,
1067 319 1094 374 et

103 411 248 473 iasoiahis.

191 499 271 562 aliud
308 499 503 580 spleneticum
540 497 789 559 medicamentum
825 497 1046 558 desiccatorinn
1069 495 1096 552 oi

103 589 350 650 confortatorium
382 588 417 648 ad
450 587 562 667 splenis
594 585 777 648 debilitatem
808 604 845 646 ex
876 585 1024 648 infusione
1052 581 1092 642 hu-

76 679 208 759 amoris,
240 695 257 736 a
288 675 408 737 Graecis
441 675 585 737 cedrinon
617 673 804 755 appellatum.
852 675 962 754 recipit
991 672 1096 747 oedrht,

102 766 278 826 ammoniaci
305 772 406 845 guttae
434 767 537 826 uncias
566 781 667 844 senas,
698 764 816 826 resinae
845 763 941 824 frixae
964 761 1059 824 libram
1077 755 1097 836 l,

101 855 325 936 auripigmenti,
347 853 485 915 aluminis
509 851 695 934 scissi‚.olei
716 853 844 934 veteris,
870 854 1004 914 omnium
1024 851 1097 912 uiuo

101 943 205 1003 uncias
228 942 359 1022 singulas
383 950 414 1003 et
436 944 541 1024 semis,
562 943 639 1003 aceti
661 941 787 1002 acrioris
810 939 890 1020 quod
914 940 1063 1002 suffecerit

191 1030 270 1091 aliud
280 1030 316 1091 ad
330 1033 538 1092 ventositatem
552 1029 672 1110 splenis.
696 1028 869 1110 epithimate
884 1027 933 1090 dia
947 1034 1093 1109 spermaton

62 1132 88 1172 10
102 1127 154 1179 aut
176 1118 224 1180 dia
247 1137 386 1181 samsucu
408 1121 504 1181 uteris
527 1120 667 1199 superius
690 1118 727 1179 ad
750 1119 959 1180 ventositatem
982 1120 1039 1179 sive
1062 1115 1093 1173 in·

100 1205 251 1269 dationem
274 1207 419 1269 stomachi
441 1209 571 1287 scriptis.

189 1295 269 1358 aliud
287 1296 324 1357 ad
342 1297 483 1359 duritiam
502 1295 613 1376 splenis
632 1294 679 1355 vel
697 1295 880 1378 serietatem,
904 1313 993 1374 quam
1011 1287 1095 1354 Graeci

102 1386 244 1446 scirrosin
286 1385 399 1447 dieunt.
457 1383 601 1472 malagma
636 1383 828 1463 Amythaonis
869 1401 1002 1464 appones
1035 1373 1095 1461 quod

100 1476 239 1552 superius
263 1473 299 1534 ad
322 1472 463 1535 duritiam
487 1472 632 1535 stomachi
655 1473 839 1552 scripsimus.

60 1574 86 1614 1⁵
190 1560 268 1621 alind
301 1560 337 1621 ad
369 1562 509 1623 duritiam
541 1560 661 1640 splenis.
713 1568 762 1621 tus
795 1561 962 1622 masculum
995 1568 1025 1622 et
1051 1570 1095 1618 am·
1123 1560 1126 1565 '

100 1650 228 1709 moniaci
254 1657 369 1728 guttam
397 1649 513 1729 aequali
539 1649 672 1729 pondere
700 1658 781 1711 teres
808 1648 982 1732 diligenter,
1005 1657 1034 1711 et
1051 1645 1095 1706 he·

100 1744 228 1815 quanter
261 1755 367 1798 sucum
403 1740 596 1818 supermittes
633 1736 751 1798 coliculi
783 1755 820 1799 ex
856 1737 937 1800 foliis
973 1733 1098 1800 virilibus

99 1842 275 1904 expressum
307 1834 341 1887 ut
380 1827 526 1888 efficiatur
562 1828 594 1886 in
627 1825 853 1888 similitudinem
884 1827 1046 1906 emplastri,
1074 1823 1097 1877 ti

99 1913 254 1974 inductum
277 1917 308 1975 in
332 1914 435 1976 charta
456 1914 504 1976 rel
526 1914 606 1975 aluta
628 1913 724 1994 spleni
748 1933 888 1994 appones.

59 2016 84 2056 20
189 2003 303 2063 sivero
326 2005 357 2063 in
376 2003 561 2082 aegritudine
585 2020 654 2063 oum
677 2002 760 2063 lehre
780 2010 866 2064 acuta
889 2004 983 2064 fucrit
1005 1995 1097 2082 splenis

99 2092 244 2171 causatio,
273 2090 371 2152 trihus
394 2091 499 2152 diebus
523 2089 748 2170 cataplasmahis
771 2110 808 2152 ex
830 2091 909 2152 faeni
932 2093 1029 2171 graeci
1047 2079 1096 2166 pol·

97 2177 157 2238 line
186 2186 216 2238 et
242 2178 347 2240 hordei
373 2178 510 2259 partibus
538 2179 662 2258 singulis
692 2187 722 2239 et
749 2179 803 2240 lini
830 2181 952 2240 seminis
979 2173 1104 2260 partious

98 2265 214 2326 duabus
241 2285 310 2328 oum
338 2285 413 2346 aqua
441 2277 471 2329 et
499 2285 622 2327 rosaceo
651 2276 681 2327 et
704 2267 820 2329 modico
843 2266 931 2328 melle
955 2261 1096 2329 canemus

171 2418 273 2474 llanis
287 2435 310 2488 c,
324 2418 398 2474 lutus
408 2436 439 2490 p.
511 2419 657 2475 redactum
671 2436 712 2488 cp.
782 2419 902 2490 apponis
917 2437 939 2476 c.
1011 2411 1095 2486 asple-

96 2488 210 2545 netioon
222 2507 246 2559 p
264 2491 326 2558 (—-o
345 2491 377 2560 c).
479 2495 549 2544 401
566 2489 718 2546 infusione:
738 2493 768 2546 eh
784 2490 955 2546 infimiorem
974 2507 1014 2560 cp.
1080 2480 1094 2531 ⁵

97 2559 230 2615 ccdrinon
252 2561 299 2628 (cf.
321 2560 384 2616 Gal.
409 2560 515 2628 XIII,
532 2564 615 2630 249)=
643 2560 734 2617 citron
756 2577 771 2616 c
792 2561 902 2629 (Simon
922 2577 945 2616 s.
963 2565 1010 2630 o),
1033 2556 1094 2613 oiln·

95 2647 152 2686 non
161 2647 192 2700 p.
266 2631 440 2701 appellatum
459 2648 485 2687 c:
506 2633 587 2687 —lur
601 2649 632 2702 p.
704 2633 785 2702 Iicp.
858 2631 981 2688 oedriee:
1008 2643 1062 2686 cere
1076 2634 1094 2686 θ,

96 2711 174 2789 etp.
248 2719 407 2788 (thenas
427 2719 673 2788 c:c1'1.-;·V1.p.
759 2719 797 2774 lb'
817 2721 838 2776 Ι.
858 2737 885 2788 o,
904 2720 923 2774 l’
942 2721 1008 2776 1..
1081 2710 1092 2758 ⁷

96 2808 120 2847 ο.
139 2794 174 2847 tr.
195 2791 220 2859 ²,-
239 2790 364 2861 singulus
384 2793 413 2845 et
431 2792 515 2846 semis
534 2807 561 2846 c:
589 2794 634 2846 un.
652 2795 680 2858 ἢ
698 2791 719 2846 Ι.
740 2791 803 2860 Sp.
912 2797 961 2847 8s
1012 2789 1047 2844 cil
1061 2793 1093 2847 ⁶1⁷·

95 2861 269 2932 tepithima
286 2860 457 2932 o‚·-th'ate
471 2878 503 2930 p.
591 2868 624 2917 10
642 2861 807 2917 dissensuoo
825 2878 867 2932 cp.
957 2861 1093 2916 inflammif

93 2933 201 2990 ‘tionem
226 2949 268 3003 cp.
378 2938 409 2985 11
435 2932 570 3001 scriplum
593 2947 620 3000 c,
644 2931 716 2987 -lis
734 2950 764 3001 p.
875 2938 908 2987 12
933 2931 1058 2988 duritiem
1068 2933 1092 2988 l·

95 3005 261 3060 sanciatam
276 3020 311 3074 p,
331 3003 495 3059 sacietatem
514 3019 536 3060 c..
624 3001 724 3058 Graeci
741 3004 853 3060 amici:
877 3021 928 3060 om.
948 3020 989 3074 cp.
1041 2991 1092 3078 '13

94 3076 211 3131 scirosin
228 3093 255 3131 c:
275 3074 440 3143 solitosinp
463 3074 508 3142 (cf.
527 3073 624 3129 Simon
641 3089 663 3128 o.
683 3073 823 3145 scirodes).
914 3075 1060 3129 cmioeoma
1074 3072 1092 3122 θ,

93 3146 239 3202 amitatois
252 3163 283 3215 p.
366 3145 486 3215 apponis
504 3161 527 3201 c.
619 3150 653 3200 14
675 3144 713 3199 od
735 3145 875 3200 stomachi
897 3144 1026 3201 duritiem
1042 3145 1092 3192 ⁰⁰¹¹·

94 3217 300 3342 ruam·
665 3216 955 3356 trudunt
968 3232 998 3341 a
1013 3201 1091 3347 dl

93 3303 184 3484 {uelc
193 3303 285 3444 erep.
306 3360 380 3440 ortes
394 3304 497 3413 Πξξω
512 3303 608 3426 cmg.
625 3401 631 3412 .
647 3399 653 3410 .
670 3359 730 3427 (om.
745 3305 873 3428 pedihus
892 3390 926 3400 -
944 3304 1061 3416 Ignium
1073 3355 1090 3394 ⁶·

146 3445 221 3484 moro
239 3444 285 3484 me
319 3446 332 3483 s
344 3447 377 3500 p.
