2318 3788
485 189 704 253 ..40-

86 337 167 395 tione
196 336 272 396 lacta
300 333 432 414 cambia,
467 334 653 395 considerata
685 336 781 413 primo
814 336 910 414 ipsius
943 335 1105 397 laborantis

86 432 181 493 aetate
205 432 236 485 et
258 431 392 502 tompore
416 431 446 482 et
469 424 604 503 regione,
630 431 661 483 et
682 425 776 502 ipsius
800 426 990 486 reumatiemi
1013 425 1105 504 quali-

86 520 146 574 tate
174 512 221 573 vel
249 513 422 590 quantitate.
463 513 526 591 ipsa
549 529 620 571 vero
648 510 712 572 loca
741 529 815 590 quae
843 515 1001 591 patiuntur
1030 531 1105 594 pane

86 619 177 680 posca
199 601 298 661 inluso
322 607 352 660 et
374 601 445 660 trito
469 599 692 679 cataplasmabis
715 607 746 660 ct
764 599 891 661 sanabis.

60 774 73 812 ⁵
337 757 454 820 XXIIII.
492 759 539 821 nd
563 761 679 837 ignem
704 777 851 820 sacrum.

176 884 257 963 Ignis
282 901 366 943 sacer
389 882 426 942 ab
448 882 613 943 invadendo
637 901 653 942 a
674 881 795 943 Graecis
819 883 983 962 erysipelas
1007 883 1106 964 appel·

87 973 180 1053 latur,
203 975 229 1033 si
252 972 372 1050 quoidam
395 973 490 1032 vicina
515 970 572 1032 sibi
594 971 658 1032 loca
681 970 846 1031 invadendo
869 971 1033 1050 possideat.
1079 980 1109 1034 et

87 1062 217 1122 eflicitur
238 1059 293 1120 sub
316 1061 429 1138 ingenti
448 1060 546 1120 calore
566 1062 718 1140 sanguinis
737 1077 773 1119 ex
792 1061 1006 1120 commixtione
1031 1061 1108 1121 fellis

87 1148 168 1230 ssavi,
197 1167 284 1227 quam
309 1147 414 1208 Graeci
441 1148 571 1208 xanthen
596 1148 702 1209 cholen
729 1155 843 1208 vocant.
889 1156 920 1208 et
943 1157 991 1209 est
1013 1149 1110 1210 rubor

48 1239 243 1299 10ssammeus
266 1239 297 1297 in
326 1237 484 1316 superficie
508 1239 586 1298 cutis
610 1255 677 1297 cum
708 1235 808 1295 dolore
833 1243 863 1296 et
893 1244 1022 1298 tumore.
1062 1240 1109 1298 sin

88 1345 158 1388 vero
183 1329 262 1387 circa
291 1325 376 1404 gallae
400 1333 499 1405 partes
523 1326 614 1386 luerit
642 1331 742 1405 natus,
771 1324 1005 1404 praefocationis
1029 1329 1110 1406 peri-

88 1415 188 1476 culum
212 1416 311 1494 affert,
340 1432 408 1474 cnm
436 1415 467 1474 in
495 1421 558 1475 toto
581 1413 695 1474 vultum
719 1412 864 1473 inflaverit
895 1421 926 1473 ot
950 1432 967 1473 a
991 1417 1112 1476 cervice

88 1522 184 1582 usque
209 1503 244 1562 ad
267 1503 398 1562 thoracis
420 1510 522 1581 partes
545 1503 636 1562 fuerit
658 1501 804 1562 dilatatus.

107 1622 109 1625 v
176 1593 208 1650 in
242 1589 446 1650 curationibus
476 1596 575 1650 autem
605 1591 630 1649 si
662 1589 781 1668 grandis
814 1589 906 1650 luerit
937 1591 1114 1672 erysipelas,

49 1693 74 1732 1⁵
88 1679 281 1740 flebotomare
301 1685 419 1756 oportet
438 1686 468 1738 et
486 1678 646 1740 secundam
665 1678 880 1738 detractionem
899 1677 1000 1739 iacere
1021 1697 1114 1758 quam

91 1769 274 1848 cpafaeresin
313 1775 431 1846 vocant,
473 1775 503 1826 et
543 1769 569 1826 si
609 1768 688 1826 vires
732 1768 912 1845 aegrotantis
952 1769 1114 1846 patiuntur

89 1858 234 1917 ieiuntum
263 1855 379 1915 diurnis
406 1853 512 1915 diebus
539 1857 686 1934 imperare
713 1862 744 1914 ct
771 1873 787 1914 a
815 1856 883 1913 vino
908 1863 938 1914 et
969 1856 1115 1917 omnibus

90 1943 231 2006 carnibus
249 1942 407 2004 abstinere.
441 1945 466 2002 si
485 1952 584 2003 autem
602 1941 802 2002 flebotomiam
824 1943 946 2002 mioime
966 1943 1113 2005 adhibere

89 2035 237 2114 potueris,
265 2034 381 2092 acriore
405 2031 531 2110 clystere
561 2041 696 2092 ventrem
720 2029 889 2110 evacuabis,
917 2040 970 2092 aut
993 2034 1114 2094 cathar-

49 2136 76 2176 ao
91 2124 184 2182 ticum
213 2120 292 2200 quod
320 2121 428 2181 ssavum
456 2119 495 2179 iel
523 2119 651 2200 deponat
679 2117 775 2200 dabis,
802 2126 837 2179 ut
866 2125 938 2179 sunt
963 2124 1115 2200 catapotia

89 2209 216 2270 Galeni
240 2211 379 2287 superlus
401 2211 433 2268 in
455 2210 593 2286 pas'sione
613 2209 717 2286 capitis
741 2209 860 2286 scripta.
897 2209 1065 2285 posthaec
1085 2219 1116 2271 et

164 2457 176 2503 1
197 2447 373 2503 considerata
392 2465 437 2518 cp:
457 2449 521 2501 -to
535 2464 561 2517 9.
638 2454 654 2502 2
674 2445 847 2502 reumatismi
865 2463 915 2516 pp:
935 2450 1076 2506 reumatis
1092 2469 1115 2508 o.

90 2527 106 2575 5
125 2522 168 2575 ta't.
187 2520 232 2576 Ad
250 2519 344 2588 ignom
364 2535 460 2573 acrum
479 2524 599 2580 (sacrum
618 2521 642 2588 c)
661 2535 702 2588 pc,
721 2518 763 2572 Do
781 2517 847 2588 igne
867 2533 946 2573 sacro
962 2537 995 2588 p.
1098 2530 1114 2576 6

90 2607 168 2646 sacer
187 2608 233 2659 cp:
253 2606 317 2644 acer
334 2606 361 2659 9.
451 2587 590 2657 erisi(ensi
603 2589 702 2660 clpilas
719 2605 779 2660 pop.
867 2593 881 2641 'l
900 2590 1050 2658 possideat
1067 2611 1114 2718 pc:

90 2662 174 2716 -det
188 2679 218 2732 p.
298 2666 367 2715 ssex
387 2676 432 2730 cp:
452 2661 482 2713 et
497 2676 523 2730 9.
605 2667 724 2730 aquam
743 2676 802 2730 pop.
886 2662 990 2716 exante
1011 2663 1116 2720 choen

88 2752 122 2804 9,
149 2733 249 2788 exante
277 2731 357 2786 colen
381 2748 408 2796 o,
432 2733 532 2784 axente
555 2731 639 2787 celati
657 2748 688 2801 p.
795 2730 837 2783 lais
860 2729 952 2784 utitur
980 2733 1116 2790 Isidorus

89 2804 137 2869 IV,
157 2809 182 2869 8,
201 2809 226 2856 4.
322 2803 363 2855 et:
387 2804 420 2854 uc
438 2802 501 2868 (est)
519 2818 579 2872 pop.
672 2807 704 2855 10
723 2798 867 2870 superficie
885 2817 912 2870 9.
1008 2803 1060 2858 Sin
1083 2823 1114 2877 p:

89 2874 120 2928 si
139 2891 180 2944 op.
273 2877 305 2925 11
325 2871 391 2943 gule
409 2890 440 2942 92
466 2871 553 2940 guilla
573 2889 599 2940 c,
619 2872 702 2927 vulve
717 2887 747 2940 p.
834 2875 870 2938 1⁰⁰
887 2872 920 2924 in
938 2888 1030 2944 marg.
1051 2892 1114 2944 pre-

89 2943 245 3000 vocationis
265 2944 304 3011 (t).
379 2947 411 2996 12
432 2942 461 2996 in
479 2943 541 2998 toto
555 2944 636 2998 vultu
649 2959 690 3014 gc,
708 2945 801 2996 totum
815 2941 925 2995 vultum
945 2944 1010 3010 (om.
1030 2945 1073 3015 in)
1084 2964 1114 3017 p.

89 3031 175 3070 com.
195 3031 236 3084 cp.
332 3019 367 3066 14
387 3011 524 3081 erisipilas
542 3031 573 3084 9,
593 3014 687 3081 -pila
705 3028 745 3080 cp.
848 3016 880 3066 1o
899 3012 1070 3072 fleotomcre
1088 3034 1115 3087 9.

89 3086 240 3141 secundam
267 3100 300 3153 pc
323 3083 370 3153 (‚‚i.
387 3099 557 3209 prosperam
580 3085 700 3138 bonam“
724 3084 863 3150 in‘morp.
887 3084 928 3152 p):
956 3087 1116 3142 secundum

89 3155 162 3210 vires
176 3172 207 3224 p.
282 3160 315 3209 16
334 3171 388 3225 epa
401 3155 491 3208 cresin
509 3159 578 3225 ma),
597 3153 725 3223 epafaree
745 3153 807 3223 (aio)
827 3169 848 3206 c.
932 3159 966 3208 17
986 3156 1115 3213 diurnis:

90 3225 229 3280 diuturnis
251 3241 310 3296 pop.
421 3231 454 3278 19
478 3225 602 3294 potuerit
624 3241 657 3295 gc
680 3229 705 3278 et
729 3222 858 3292 (fi'iomia
872 3259 878 3276 .
894 3265 900 3278 .
916 3224 1062 3296 adhiberi)
1083 3247 1114 3300 p.

89 3296 192 3352 acriori
215 3298 288 3364 (bic)
313 3313 331 3367 9
354 3298 430 3365 (—re
450 3299 501 3364 cp).
609 3295 770 3350 coaevum
793 3293 852 3347 mll’
873 3295 937 3361 (sic)
952 3313 990 3364 p,
1014 3299 1117 3355 favum

89 3369 174 3423 melle
194 3370 224 3438 (l)
238 3385 265 3449 ρ.
339 3365 500 3436 cotapocias
513 3366 631 3436 gallioni
644 3382 674 3435 9,
694 3363 855 3434 ealcpucias
869 3363 976 3435 galieni
992 3385 1015 3435 c,
1036 3373 1116 3426 cato-

82 3439 169 3506 puba'o
183 3438 293 3507 gebeni
303 3455 337 3508 p.
