2318 3788
488 159 706 223 ,42-

89 311 115 363 t.
138 304 188 380 Vl,
212 322 333 384 spumae
357 305 472 383 argenti
496 309 522 360 i.
544 302 613 384 llll,
636 322 774 366 cerussae
800 302 884 383 nil,
908 302 967 362 olei
990 297 1090 359 rosacei
1149 314 1153 361 t

77 391 138 454 lib.
163 393 184 474 1,
207 411 280 454 urae
308 392 427 472 lupinae
451 395 476 447 λ
499 392 573 453 Vlll.
615 392 671 453 hoc
699 393 951 454 medicamentum
981 389 1047 449 iacit
1065 391 1090 444 ct

89 482 125 543 ad
148 481 288 561 herpetas
310 480 367 540 hoc
391 489 437 541 est
460 481 661 560 serpusculos.
1142 484 1153 515 ³

421 674 505 734 XXV.
543 675 591 735 hd
614 693 773 735 araneas.

23 860 30 874 l
61 810 74 849 ⁵
177 798 307 859 draneas
331 798 436 859 Graeci
459 817 475 858 a
498 799 645 877 serpendo
673 798 752 877 quod
780 797 888 877 herpin
913 796 1018 857 dicunt
1039 793 1094 851 her·

87 895 171 967 petas
190 886 306 968 dicunt,
330 905 385 946 nos
404 905 474 947 vero
494 886 630 946 similiter
648 887 738 947 latino
758 904 899 946 sermone
919 887 999 946 sicut
1016 894 1096 960 supra

17 987 74 1027 '20⁵
87 976 216 1036 diximus
244 993 260 1035 a
288 974 436 1054 serpendo
460 974 651 1053 serpnsculos
678 976 877 1036 nominamus,
899 971 904 1053 l
926 981 958 1034 et
980 970 1097 1032 efficitur

87 1062 143 1124 suh
180 1065 294 1142 ingenti
330 1063 468 1123 acredine
505 1080 540 1122 ac
572 1062 670 1122 calore
706 1062 783 1122 fellis
816 1081 886 1122 cum
919 1059 1098 1141 pustularum

87 1153 407 1230 superinsurrectione.
458 1157 504 1210 est
536 1158 566 1210 et
597 1149 675 1211 aliud
707 1169 802 1229 genus
834 1149 988 1230 herpetis,
1020 1158 1099 1226 quom

47 1251 72 1291 10
86 1239 192 1299 Graeci
224 1239 378 1299 cenchrias
411 1245 531 1317 vocant,
562 1239 589 1297 si
621 1237 741 1316 quidem
773 1241 805 1298 in
837 1239 1001 1317 superficie
1032 1232 1100 1294 cutis

85 1327 221 1406 pustulas
245 1329 374 1388 minutas
393 1326 474 1386 milio
493 1324 605 1386 similes
623 1325 767 1387 ostendit:
791 1344 881 1404 quam
903 1325 1004 1387 Latini
1023 1321 1100 1398 vulgo

86 1433 224 1475 araneam
247 1417 395 1474 verrinam
418 1421 532 1474 vocant.

174 1505 205 1562 in
238 1501 442 1562 curationibus
475 1509 574 1562 autern
607 1501 743 1562 similiter
775 1509 809 1562 ut
842 1501 1025 1580 erysipelata
1060 1513 1103 1556 su·

84 1592 187 1670 perins
211 1588 339 1650 curabis.

45 1760 71 1799 rs
416 1744 515 1804 xxvi.
552 1745 600 1805 Ad
624 1747 772 1813 scrofas.

176 1870 295 1931 Scroias
338 1867 442 1927 Graeci
484 1867 619 1927 chiradas
660 1876 767 1929 vocant
803 1869 934 1930 duritias
981 1865 1108 1930 rotundo

85 1960 235 2020 schemate
264 1963 347 2017 natas
376 1962 407 2015 et
434 1956 533 2014 nervis
564 1963 652 2032 atque
681 1959 800 2017 arteriis
823 1959 911 2018 venis
935 1964 969 2017 et
993 1973 1108 2018 muscu-

84 2047 156 2109 losis
179 2043 360 2106 membranis
384 2043 628 2102 connaturatione
651 2044 770 2124 infixas,
797 2043 879 2122 quod
906 2044 1019 2106 Graeci
1052 2050 1111 2105 cata

84 2134 219 2214 synlysin
246 2138 360 2191 vocant.
403 2136 433 2188 et
460 2146 529 2189 cum
556 2127 735 2206 glandulosis
763 2133 795 2190 in
825 2131 902 2192 locis
926 2134 960 2192 in
988 2141 1113 2211 utraque

43 2233 70 2272 2⁰
83 2223 216 2301 gutturis
243 2226 328 2296 parte
356 2217 469 2276 luerint
496 2223 595 2294 natae,
623 2218 712 2276 sicuti
741 2220 804 2278 suis
835 2219 971 2281 feminae
997 2219 1115 2301 turgida

83 2307 158 2370 colla
187 2324 256 2366 cunr
289 2303 391 2363 dolore
420 2302 593 2382 ostendunt,
625 2303 704 2362 trude
737 2307 802 2384 ipso
835 2310 963 2368 nomine
1000 2309 1115 2370 scrofae

156 2535 170 2581 1
192 2527 254 2581 oleo
273 2541 337 2579 roso
355 2523 420 2589 (sic)
437 2539 463 2592 9,
483 2520 538 2575 olei
555 2519 628 2575 rosei
646 2523 695 2588 (ro.
711 2525 744 2591 p)
764 2540 805 2592 cp.
920 2534 937 2580 2
964 2530 1017 2586 hh.
1044 2534 1066 2586 I.
1094 2547 1119 2601 9,

79 2600 145 2656 lihr.
166 2597 179 2648 I
198 2615 220 2665 e,
240 2596 267 2648 l'.
287 2594 308 2648 Ι.
324 2610 354 2661 p.
427 2597 443 2643 3
463 2593 574 2659 erpetcs
588 2607 624 2658 p:
643 2591 780 2646 horhenas
798 2611 824 2664 9,
844 2596 984 2655 hertenas
1003 2618 1027 2656 e.
1104 2607 1119 2656 5

79 2673 190 2738 harpen
212 2683 243 2735 9,
269 2662 370 2732 herpin
393 2662 469 2740 c·(q.
492 2660 565 2713 hd.
589 2677 639 2714 om.
659 2678 695 2729 9,
718 2678 816 2730 erpem
839 2665 910 2723 Sim.
936 2685 959 2726 a.
984 2676 1121 2739 croccae)

77 2743 221 2808 herpenas
239 2751 265 2804 9,
284 2731 516 2800 herpepetrcosp
536 2731 596 2798 (om.
617 2746 646 2795 c,
662 2730 795 2800 herpetas
814 2733 916 2790 Simon
934 2755 957 2794 e.
979 2744 1028 2812 9,),
1106 2750 1121 2796 9

75 2807 252 2880 serpiginem
277 2803 374 2856 Simon
396 2815 417 2854 a.
440 2800 563 2867 herpetas
586 2799 632 2880 (σίἶ
659 2800 755 2854 Isidor
778 2803 843 2872 IV,
867 2812 901 2870 8,
928 2813 947 2863 5
975 2814 1121 2883 serpedo),

75 2884 155 2940 unffi.
176 2894 194 2947 9
214 2877 245 2943 (c'.
265 2890 285 2927 c.
305 2870 481 2925 nominamus
495 2874 537 2938 9),
557 2872 763 2924 nommovimua
783 2889 805 2926 c.
882 2882 899 2930 8
916 2896 952 2933 ac
972 2899 1005 2950 9ε
1028 2886 1061 2938 et
1081 2902 1121 2953 cp.

73 2973 99 3011 ο,
119 2969 149 3022 p.
171 2943 299 3002 extantia
318 2941 390 2995 Isid.
443 2938 658 3035 1tiherpentis
675 2955 726 3007 99,
746 2943 853 3009 erpotis
874 2963 897 3000 c.
1000 2959 1036 3007 10
1057 2971 1123 3010 cen.

72 3041 152 3100 orias
171 3050 199 3103 9,
217 3029 320 3085 tecrias
338 3044 360 3094 c,
380 3043 478 3107 cennas
492 3043 523 3096 p.
556 3095 563 3107 ·
620 3030 652 3077 12
663 3041 776 3106 'aranea
795 3031 912 3088 verrina
932 3040 1040 3103 (ranea
1059 3060 1124 3098 ver-

69 3111 136 3170 mia
161 3107 187 3178 c)
211 3118 241 3171 9,
266 3106 319 3152 -a
337 3115 360 3167 p
379 3098 478 3179 (unaco
503 3111 615 3150 vennas
634 3094 721 3162 Sto).
833 3107 868 3155 13
889 3105 1062 3176 erisipilato
1080 3130 1124 3182 9ο,

70 3177 177 3250 ..pila
192 3188 223 3239 p.
330 3173 363 3220 15
382 3171 423 3219 tot.
434 3166 486 3248 ,Ad
505 3163 633 3245 acroph(i
644 3166 701 3230 clas
719 3181 761 3234 9ο,
779 3168 822 3222 De
842 3174 980 3232 scrofulis
995 3197 1021 3248 p
1043 3187 1123 3250 (mom

68 3245 194 3312 Scrofas
204 3242 277 3308 ΩΨ·
353 3241 385 3289 1⁶
396 3235 524 3289 chffstdafl
535 3251 580 3306 91²2
594 3233 707 3314 buada}
721 3251 742 3289 c.
762 3305 768 3316 Ι
819 3244 853 3292 18
869 3243 1080 3308 dnahuratione
1091 3272 1125 3324 9:

65 3328 105 3383 ,ᾗ
127 3307 326 3373 maturatione
345 3321 367 3371 c,
387 3307 470 3359 contu
486 3322 514 3372 p.
618 3304 789 3358 catasmfisrn
808 3325 855 3376 pp,
875 3316 1081 3377 catasmisisin
1101 3341 1124 3378 c,

63 3401 103 3454 20
126 3382 206 3444 suist
226 3392 289 3430 aues
307 3389 349 3444 9ο,
368 3389 418 3427 uos
432 3391 463 3441 9.
535 3380 568 3426 21
591 3371 692 3426 ostend
708 3390 734 3441 9.
