2318 3788
501 156 720 221 ..34-

53 322 87 362 1⁹1
104 305 295 369 inflexibilem
312 319 474 366 nervorum
493 310 524 363 et
542 300 748 363 musculorum
770 301 868 361 tensio
888 316 957 361 cum
978 285 1091 378 ingenti

104 395 215 458 dolore.
252 391 515 474 emprostbotonos
538 399 638 452 autem
661 392 693 450 in
716 390 866 451 anteriore
894 395 979 469 parte
1000 398 1094 473 mustu-

103 487 201 547 lorum
224 484 350 546 cervicis
374 489 405 542 et
431 498 593 541 nervorum
616 478 746 541 efficitur
769 479 949 559 contractio,
976 485 1009 539 ut
1028 476 1097 536 etim

104 582 238 636 mentum
279 572 371 632 lixum
411 571 527 649 pectori
562 567 711 648 videatur,
755 584 824 628 cum
860 567 976 646 ingenti
1009 563 1098 627 dolore.

64 677 78 718 5
107 662 314 743 opisthotonos
333 667 431 720 autem
451 658 488 718 ad
509 658 708 737 posteriorem
730 663 847 736 partem
864 655 1061 717 musculorum
1077 652 1101 708 ct

105 767 265 813 nervorum
294 749 433 829 cervicis,
465 765 540 826 quos
571 752 709 807 tenontas
736 752 856 825 uocant,
891 744 1019 805 efficitur
1047 753 1102 802 con·

105 841 212 901 tractio
245 856 315 899 cum
348 834 659 898 vehementi‘dolore.
705 834 851 913 contingit
867 832 1052 912 ¹frequenter
1076 838 1106 886 ex

106 927 294 990 antecedenti
312 927 403 987 nimia
421 925 631 1005 perfrictione,
652 924 791 1002 quotiens
808 921 877 1002 plus
896 921 1016 1002 frigoris
1033 927 1107 1000 quom

105 1019 202 1097 possit
228 1023 334 1077 natura
361 1015 496 1094 corporis
525 1013 618 1093 terre,
650 1012 849 1072 sustinuerint
879 1009 1057 1089 laborantes,
1082 1005 1107 1062 at

66 1121 93 1160 ιο
107 1103 232 1166 dorsalis
259 1103 386 1165 medulla
409 1102 594 1182 perfrixerit,
622 1118 711 1180 quam
734 1098 840 1160 Graeci
863 1101 985 1160 notieon
1008 1094 1107 1177 myetor

107 1202 222 1255 vocant.
262 1211 331 1254 nam
359 1191 558 1272 Hippocrates
585 1192 616 1250 in
640 1190 789 1250 aforismis
812 1190 856 1249 sic
879 1190 933 1267 ait,
962 1204 1046 1250 omne
1066 1181 1107 1244 iri

106 1284 210 1364 gidum
237 1281 347 1344 dorsali
380 1279 526 1341 medullae
558 1285 589 1340 et
616 1280 716 1338 nervis
743 1295 810 1338 csse
843 1277 951 1339 bostile
980 1280 1040 1338 sire
1064 1269 1107 1333 ini*

107 1375 232 1453 micum,
256 1370 336 1451 quod
360 1377 459 1431 autem
483 1366 611 1429 calidum
637 1368 772 1427 amicum.

196 1463 227 1521 in
247 1458 452 1521 curationibus
471 1475 541 1518 vero
563 1464 683 1536 oportet
706 1472 809 1515 omnes
832 1457 863 1516 in
888 1454 1011 1516 bracbio
1032 1449 1106 1513 iloto

68 1563 94 1603 1⁶
108 1556 222 1610 tornare
251 1547 289 1607 ob
317 1549 501 1608 nimietatem
534 1544 646 1606 doloris
678 1543 726 1605 rel
752 1544 942 1605 relaxationis
975 1537 1106 1605 facienda

108 1655 211 1717 causa,
232 1638 360 1696 maxime
384 1637 410 1696 si
434 1643 464 1695 ct
486 1633 686 1714 plethoricum
710 1650 820 1712 corpus
843 1632 1004 1694 habuerint
1025 1641 1105 1708 aegro

108 1733 220 1807 tontes,
247 1723 327 1804 quod
350 1741 406 1784 nos
437 1722 528 1784 latino
552 1740 690 1784 sermone
714 1719 891 1782 abundabile
914 1721 1040 1782 dicimus
1060 1717 1106 1778 siu

108 1813 297 1875 multitudine
326 1814 391 1873 suci
417 1811 548 1892 plenum.
593 1818 662 1891 post
689 1809 762 1871 haec
791 1809 950 1872 chalastioo
981 1803 1106 1891 lysiponit

108 1904 213 1964 uteris.
250 1910 281 1964 et
299 1902 457 1963 coniicitur
476 1902 529 1961 sic.
565 1901 683 1961 resinae
702 1896 915 1980 terebintinae,
937 1901 1023 1979 ysopi
1043 1893 1105 1957 attic

69 2006 96 2047 2⁰
110 1993 189 2075 suci,
216 2009 303 2052 cerae
332 1989 429 2072 albae,
457 1990 591 2050 omnium
618 1990 711 2048 trium
734 1989 838 2048 uncias
865 1996 1039 2068 quaternas,
1064 1974 1106 2062 gal

108 2080 178 2142 bani
209 2088 240 2142 et
267 2081 446 2160 opopanacis
478 2079 581 2140 uncias
612 2075 756 2157 singulas,
788 2075 846 2137 olei
873 2079 984 2138 veteris
1011 2083 1046 2146 Ζ
1074 2060 1106 2130 1ss

109 2168 267 2248 diligenter
295 2168 444 2229 conficies.
487 2169 513 2227 si
535 2166 614 2226 iorte
645 2164 749 2225 durior
777 2165 882 2246 luerit,
911 2167 1033 2246 cyprino
1060 2156 1103 2222 ote

183 2378 199 2426 2
226 2375 452 2444 emptostotonos
478 2404 510 2412 -
538 2372 577 2442 (t)
603 2370 700 2426 dolore
725 2385 776 2426 oro.
799 2386 822 2425 e.
934 2370 964 2425 in
989 2367 1106 2424 anterio1

112 2444 183 2508 t-ri
196 2445 229 2514 9)
248 2446 329 2514 perte
347 2461 392 2515 99.
503 2448 519 2497 6
542 2443 674 2497 tenontas
700 2440 744 2509 (cf.
769 2440 865 2497 Simon
888 2441 957 2498 Jan.
976 2457 996 2496 o.
1015 2443 1063 2510 o.):
1086 2435 1104 2484 ὓ

112 2517 195 2570 tanos
212 2531 272 2585 pop.
356 2514 519 2584 icontigit
535 2530 562 2584 9.
644 2510 878 2582 chrfiicetione
895 2530 926 2582 p.
999 2528 1083 2581 quom

112 2603 188 2672 quod
215 2620 246 2673 9,
274 2620 360 2674 quem
389 2603 464 2673 quod
486 2619 518 2673 p.
645 2607 660 2654 9
688 2601 778 2670 possit
804 2618 831 2656 ez
859 2602 954 2672 potest
980 2617 1010 2670 9,
1038 2601 1071 2670 pt
1101 2651 1105 2658 .

114 2673 381 2744 sub(sb')stinuorint
399 2691 440 2744 op.
516 2678 548 2728 10
567 2671 701 2726 nauticos
715 2671 822 2727 miclon
839 2688 865 2742 9,
884 2671 946 2727 noti
965 2672 1093 2728 odmelon

112 2751 132 2800 1’1
150 2745 260 2816 pmyeld
275 2763 298 2816 p
317 2747 376 2815 (ced
389 2761 477 2815 saepta
490 2743 604 2800 notioon
614 2745 669 2813 12⁰).
744 2749 775 2797 11
789 2744 937 2813 ypocrates
949 2760 986 2814 99
1008 2743 1105 2812 (iposo‘

113 2820 148 2886 o).
184 2816 240 2873 vid.
264 2816 354 2888 Hc'pp.
374 2817 449 2883 III,
472 2820 524 2872 741
543 2815 622 2884 Lupo.
732 2813 872 2870 aforismis
894 2832 927 2885 9ο
951 2813 1074 2885 (ephoris
1086 2825 1105 2887 2

112 2888 175 2944 eit.
192 2930 198 2943 .
214 2931 220 2943 .
235 2904 296 2943 esse
312 2931 318 2943 .
334 2928 340 2940 .
357 2886 524 2942 ‚inimicum
541 2887 663 2942 testatur
682 2901 704 2939 c.
809 2891 841 2941 13
861 2886 989 2956 quod-
1009 2885 1103 2941 amice

113 2976 164 3014 orn.
183 2975 205 3016 c.
289 2965 322 3014 16
343 2975 458 3014 causam
477 2958 537 3029 (oio)
554 2975 579 3026 9.
652 2955 836 3025 plectoricum
856 2974 916 3028 pop.
992 2963 1024 3010 lt
1044 2955 1105 3010 abm

113 3029 220 3086 debile:
241 3029 337 3086 habile
356 3046 393 3100 99
412 3030 524 3103 (Pete),
543 3025 671 3083 secabile
690 3043 712 3082 c.
796 3035 829 3084 18
848 3028 982 3084 celestico
1000 3027 1105 3098 lisipou¹

112 3137 139 3189 9,
158 3136 182 3174 o.
200 3119 354 3189 hysopomo
374 3135 402 3188 c,
422 3109 725 3186 colesticl'1sopffi0p.
822 3122 857 3172 20
876 3134 955 3173 ceere
973 3133 1004 3187 9,
1027 3132 1088 3171 cere

113 3202 145 3264 δ’ὁ
158 3224 190 3277 p.
288 3206 413 3263 omnium
432 3238 466 3248 —
486 3206 595 3277 (anema
613 3221 644 3274 9,
665 3202 689 3272 ⁷,-
708 3207 733 3274 c)
758 3209 910 3275 quaternos
926 3222 972 3276 pc:
990 3209 1035 3260 air.
1060 3205 1105 3271 3(-

110 3280 153 3350 52⁰)
172 3278 234 3333 ΙΙΙΙ.
248 3295 280 3346 p.
353 3283 386 3331 21
413 3278 591 3348 opopanacis.
624 3278 659 3328 ÷
678 3279 733 3330 uni
751 3277 811 3346 (cic)
831 3276 956 3348 singulas
973 3294 990 3347 9
1009 3278 1045 3346 (⁷,-
1061 3291 1105 3329 sc

112 3362 137 3405 z
157 3350 217 3419 (tic)
236 3350 277 3432 Ill
294 3365 325 3433 9,
345 3349 370 3418 ²,—
388 3350 455 3404 tros.
474 3365 513 3432 c..
582 3353 616 3402 22
636 3347 748 3403 conficis
765 3389 771 3402 .
787 3390 793 3404 .
809 3389 815 3403 .
831 3349 954 3404 resolves
969 3392 975 3405 .
992 3390 998 3402 .
1014 3385 1021 3402 .
1035 3363 1105 3402 mort

110 3436 170 3492 pop.
244 3435 595 3491 erprmocp,oepr1nop.
