2318 3788
386 192 626 256 —127-

35 335 133 398 alaustii
165 336 186 404 5
218 336 252 399 X.
299 337 448 417 colligitur
478 340 545 398 vino
578 341 706 418 myrtino
735 347 765 400 et
792 340 914 401 inicitur
942 359 1011 401 cum

35 428 168 487 ecoctione
195 425 264 486 rubi
293 434 344 487 aut
366 435 479 506 myrtae
503 435 554 488 ant
577 427 645 488 mali
673 431 788 507 granati
816 431 936 490 corticis
959 438 1011 490 aut

35 530 83 574 asae
108 517 204 576 siccae
233 524 283 576 aut
306 534 457 600 ramorum
481 516 605 596 siliquae
633 535 764 596 graecae.
807 517 956 597 decoques
979 520 1010 579 in

35 604 69 662 ino
95 613 122 665 et
160 623 236 684 aqua
274 605 443 684 singillatim
476 614 527 666 aut
563 606 652 666 simul
687 608 719 667 in
752 626 825 688 uno,
863 615 893 668 et
924 625 1008 687 prac-

35 695 140 769 aporatis
159 693 295 773 partibus
315 693 428 754 alterna
447 696 610 755 mutatione
630 698 835 777 spongiarum,
855 698 1035 776 suppositos

35 778 131 842 lunihus
161 782 312 863 cervicali,
339 784 444 844 inicies
472 801 527 862 per
554 791 675 845 enetera
702 784 733 845 id
762 794 808 845 est
835 784 936 846 tibiam
965 786 1009 845 in·

35 873 145 931 ctoriam
178 871 280 932 multis
313 871 479 932 cavernulis
516 873 697 952 perforatam
734 891 809 952 quae
845 873 1010 954 appellatur

35 955 163 1036 olytretos

85 1048 237 1129 collyrium
252 1051 495 1132 suppositorium,
510 1049 589 1129 quod
599 1049 706 1111 Graeci
719 1049 881 1131 ypotheton
895 1059 1009 1131 vocant,

35 1139 173 1198 inveniens
192 1140 219 1198 is
237 1141 363 1199 maxime
382 1141 434 1218 qni
457 1140 608 1218 frequenti
627 1139 792 1200 deiectione
812 1139 1008 1201 assellationis
1023 1155 1049 1195 ιο

35 1226 142 1302 rgendo
171 1228 341 1306 fatigantur.
383 1246 522 1288 somnum
550 1229 660 1288 etenim
687 1237 841 1309 provocat,
873 1236 1009 1290 ventrem

35 1315 121 1376 rstinet
143 1324 174 1377 et
198 1318 328 1394 quietam
352 1325 471 1378 noctem
493 1315 662 1378 laborantes
686 1318 815 1377 transire
839 1317 917 1378 facit.
961 1335 1007 1376 ac-

35 1402 69 1476 pit
84 1412 181 1465 antem
200 1407 281 1465 croci
300 1407 425 1484 styracis
445 1423 563 1465 murrae
583 1407 711 1466 castorei
729 1407 854 1487 acaciae,
875 1407 1008 1466 omnium

47 1487 64 1555 3
83 1493 226 1575 singulas,
249 1495 326 1554 turis
349 1493 473 1554 masculi
496 1492 517 1560 5
540 1492 588 1554 lll.
627 1513 699 1555 suco
724 1493 902 1574 plantaginis
925 1493 1006 1555 colli·
1043 1572 1045 1577 y

35 1582 74 1638 tur
95 1589 124 1642 et
147 1583 223 1642 finnt
247 1581 367 1662 collyria
390 1581 542 1663 sublonga.
1022 1597 1047 1638 1⁵

82 1671 114 1730 ad
148 1669 351 1731 exclusionem
378 1670 540 1750 longaonis.
590 1674 686 1733 erices
716 1690 822 1753 carpu,
855 1672 1007 1754 gallarum,

67 1964 126 2018 lin
144 1964 210 2020 vino
229 1982 266 2019 m,
282 1981 303 2019 c.
412 1965 493 2020 ivel
511 1966 579 2021 mali
593 1984 623 2036 p.
728 1967 845 2021 cortices
863 1983 889 2036 c,
910 1973 959 2021 —c
974 1984 1005 2036 p.

35 2029 149 2104 decoque
169 2038 291 2105 (-c'1)p.
364 2035 565 2107 tsingulatim
580 2054 621 2107 cp.
695 2037 876 2107 osubpcsito
894 2052 916 2092 c.
989 2045 1005 2092 6
1069 2034 1075 2043 “

35 2103 116 2162 oribus
135 2124 156 2162 c.
243 2105 452 2177 ptibienethera
465 2125 501 2178 p,
519 2108 637 2179 pt'1b1z
657 2109 707 2177 (et)
728 2108 845 2163 ederae
864 2109 947 2175 (uncle
966 2109 1005 2163 la-

35 2178 87 2230 tinu
98 2194 154 2233 voc.
169 2177 272 2232 tibiam
287 2181 447 2247 transposui
460 2185 525 2248 post
542 2179 560 2234 i.
572 2205 606 2226 =
616 2180 646 2233 id
661 2183 710 2234 est.
733 2180 767 2247 cf.
783 2178 909 2234 auliscon
923 2196 1006 2247 quem

35 2248 160 2326 stibium
179 2248 272 2304 dicere
291 2248 446 2318 poterimus
467 2250 538 2305 Cael.
554 2268 585 2320 p.
605 2253 678 2319 191).
787 2249 964 2305 iniectorium
982 2267 1005 2319 c,

35 2330 72 2372 na
87 2337 116 2389 p.
228 2325 243 2375 7
267 2320 364 2374 multis
383 2351 417 2361 —
437 2323 474 2390 (9)
494 2320 640 2376 Collirium
663 2338 714 2376 one.
734 2338 755 2376 c.
864 2321 1006 2392 perforata

35 2401 111 2515 ln
126 2391 358 2519 Pllfflllfa
385 2391 563 2519 fallit?
581 2393 838 2532 illitati·
857 2393 1005 2518 tiata

35 2479 175 2603 concipio
193 2479 260 2602 iic).
353 2508 386 2588 io
406 2536 435 2589 ei
447 2505 531 2590 conv.
546 2552 577 2606 p.
622 2481 686 2590 pc.
705 2533 828 2588 maxime
846 2534 891 2589 his
911 2534 959 2603 qui
973 2552 1003 2602 p.

43 2600 90 2680 ,his
108 2622 149 2675 cp.
244 2611 275 2657 11
295 2606 464 2674 resurgendo
482 2623 509 2675 p.
602 2613 634 2661 12
653 2606 758 2661 retinet
771 2622 801 2675 p.
885 2605 1004 2661 transire

35 2675 333 2748 =1tp:..1tne1·efae
359 2677 416 2747 (cccl
438 2682 546 2732 mutata
565 2695 580 2733 c
602 2679 634 2733 iu
656 2679 677 2747 f)
697 2694 711 2733 c
735 2678 794 2746 (ubi
815 2677 873 2731 acii.
895 2677 1005 2745 primae

35 2741 108 2825 imae,
126 2748 146 2802 i.
162 2765 184 2803 e.
198 2763 291 2802 ceram
300 2749 487 2817 praecedentia
501 2749 627 2816 ultraue,
645 2749 698 2818 leps'
711 2764 787 2803 nunc
799 2763 857 2803 non
866 2749 1002 2817 possunt).

35 2817 100 2884 =c1pit
117 2818 212 2874 autem
232 2834 258 2872 c:
277 2821 348 2888 Rp.
423 2825 456 2874 13
470 2819 580 2874 stiracis
598 2837 621 2888 c,
640 2818 758 2874 storacis
770 2835 800 2888 p.
873 2818 957 2872 mirre
971 2835 1002 2886 p,

36 2897 62 2938 re
79 2905 98 2944 c.
213 2890 338 2944 omnium
361 2892 579 2946 cleomedem·
601 2907 635 2946 ex
657 2907 678 2945 c.
718 2907 784 2944 uam
802 2891 870 2944 mire
888 2890 1004 2956 confusa
1054 2950 1063 2967 ι

35 2964 113 3024 toptcr
130 2961 202 3016 turis
221 2961 339 3016 masculi
361 2967 456 3017 uotam
474 2962 619 3031 mcplicem)
633 2962 748 3032 praebet
766 2977 788 3029 p
808 2961 883 3029 (poet
901 2959 1002 3028 acatis)

35 3031 277 3157 iiiequuliit-idoe
294 3033 361 3087 suci.
397 3033 461 3158 pinil
476 3034 570 3116 cortici.
582 3103 588 3116 ⁸
598 3032 689 3159 thtprifs
707 3036 836 3157 mffiilpg.
850 3039 868 3095 3
882 3031 1004 3156 Imperia

35 3119 450 3244 orceiini⁰101iio1ii¹i²p1iiiini
463 3107 535 3245 aptpe
548 3123 604 3232 otos
615 3121 677 3246 iiico
685 3119 909 3247 alioncgoaoucatirio
928 3118 1003 3228 iiiii

35 3232 153 3301 baustero
177 3249 228 3300 aut
250 3246 361 3300 lentisci
383 3247 431 3302 vel
453 3247 538 3302 mirre
566 3247 737 3303 decoctione.
782 3244 891 3301 addunt
916 3244 1003 3300 eiiam

35 3301 88 3395 llas.
123 3333 257 3372 ceresam.
291 3318 414 3373 acatiam
433 3318 594 3388 supradicto
616 3318 748 3389 pondere.
823 3323 856 3371 16
875 3317 946 3372 idun
964 3323 1004 3370 eat

51 3384 181 3456 ημέτεοοο
203 3384 274 3459 πρὸς
298 3384 364 3451 τούς
386 3392 596 3458 προπίπτοντας
618 3385 724 3461 ἀρχούς
747 3405 796 3458 op.
817 3387 888 3443 (iot.
905 3388 1017 3446 xm„

35 3449 49 3497 3
70 3451 186 3529 (testrep
209 3460 319 3530 καρποῦ
338 3462 396 3532 etc.)
416 3467 442 3519 et
459 3461 624 3534 Aet.14,t
647 3480 677 3534 1).
692 3465 764 3518 842.
