2318 3788
499 84 718 148 -46-

189 229 267 291 aliud
302 229 338 290 ad
375 231 501 290 tinnitus
534 236 564 289 et
596 227 632 288 ad
667 226 871 307 comosicum,
904 243 979 305 quas
1012 225 1110 289 Graeci

100 319 230 378 eufraxia
257 326 377 398 vocant,
405 317 494 378 etad
522 315 658 377 difficiles
681 314 799 376 auditus
823 322 853 374 et
878 313 915 374 ad
943 316 1027 376 initia
1050 335 1108 378 sur-

100 407 207 468 ditatis.
248 409 361 467 nitrum
389 414 420 466 et
449 407 628 466 aironitrum
655 403 769 483 aequali
798 403 885 463 modo
909 403 1110 466 commiseebis

101 505 130 556 et
153 514 221 556 cum
245 504 328 556 aceto
352 497 414 554 acri
438 502 468 555 et
490 493 556 555 cleo
579 495 673 554 veteri
696 492 854 571 tepefactis
876 491 1027 554 infundes.

73 598 86 637 5
189 586 260 644 item
297 583 333 644 ad
365 581 544 644 vermiculos
564 576 699 642 “aurium
735 581 903 641 lorinsecus
936 581 1108 643 educendos.
1152 622 1157 631 .

101 673 270 732 centauriae
294 672 395 735 viridis
418 680 470 733 aut
492 669 636 733 marrubii
659 676 711 730 aut
733 668 875 730 absinthii
897 669 1002 730 viridis
1025 687 1108 732 sucus

99 760 217 820 inlusus
241 759 371 821 excludit
393 759 579 821 vermiculos.

190 848 225 908 ad
249 849 352 909 sordes
376 851 501 909 aurium.
537 849 650 910 nitrum
679 856 763 908 aceto
787 845 955 908 resolutum
979 865 1047 908 cum
1069 864 1107 908 ca·

99 935 158 996 lida
181 955 257 1015 aqua
283 955 337 1016 per
360 937 504 997 auliscum
527 939 638 997 oticum
667 936 772 997 inicies
800 945 830 997 et
858 936 997 1016 deterges
1021 943 1051 998 et
1072 937 1108 996 sic

60 1039 87 1078 ιο
100 1027 211 1084 iterum
233 1024 398 1085 instillabis

189 1112 226 1173 ad
244 1131 332 1174 aures
351 1113 462 1174 sanioia
479 1113 607 1175 fluentes
626 1121 657 1174 et
676 1113 816 1174 humecta
839 1130 960 1192 quoquc
979 1116 1108 1175 universa

99 1203 247 1263 trocisous
269 1201 366 1262 Herae
389 1201 560 1282 appellatus.
596 1203 704 1280 recipit
727 1208 826 1262 autem
849 1219 970 1263 murrae
995 1201 1108 1268 crocil

100 1290 239 1372 singulas,
258 1290 395 1351 aluminis
414 1291 500 1351 scissi
517 1289 538 1356 3
555 1287 618 1350 llll.
651 1288 771 1369 colliges
782 1297 820 1350 et
839 1291 935 1351 uteris
958 1289 1107 1371 aliquando

88 1397 136 1439 ‘ex
160 1387 243 1440 aceto
267 1378 422 1458 aliquando
445 1380 513 1439 vino
537 1387 665 1439 austero.

60 1484 86 1523 15
189 1467 224 1527 ad
251 1469 379 1527 tinnitus
406 1469 522 1527 aurium
550 1475 581 1526 et
608 1465 744 1527 diiiiciles
771 1467 899 1528 auditus.
941 1467 1041 1528 oleum
1070 1483 1107 1527 ra·

100 1556 233 1616 laninam
252 1573 320 1615 oum
339 1563 423 1616 aceto
448 1564 478 1616 et
500 1557 579 1615 nitro
603 1557 633 1615 ia
656 1573 717 1616 uno
737 1554 944 1616 commiscebis
968 1565 1000 1616 et
1023 1557 1108 1618 serve·

100 1644 185 1703 iactis
210 1645 313 1704 uteris.

189 1730 267 1792 aliud
300 1732 335 1792 ad
368 1731 504 1793 difficiles
541 1731 659 1793 auditus
693 1741 722 1793 et
754 1732 893 1793 surditati
926 1735 1109 1794 conveniens.

100 1818 223 1880 ellebori
255 1819 313 1880 albi
344 1824 365 1892 3
392 1820 419 1901 1,
451 1820 587 1881 aironitri
618 1821 639 1888 3
670 1818 719 1903 is,
752 1822 880 1881 castorei
908 1823 930 1897 ᾖ
959 1821 1009 1904 is,
1042 1821 1112 1882 aceti

59 1925 86 1965 so
100 1910 224 1969 acrioris
248 1909 325 1988 quod
350 1909 509 1969 suffecerit.

172 2138 186 2184 1
206 2133 235 2185 et
253 2131 289 2184 ad
308 2129 482 2184 obtrusiones
496 2147 531 2200 p:
552 2131 581 2185 et
599 2130 789 2186 obstrusiones
808 2133 868 2201 (om.
885 2095 939 2199 ed)⁴
951 2149 973 2187 c.
1058 2148 1112 2201 (μ,

99 2238 132 2288 qs
142 2237 165 2289 p
184 2207 226 2290 (q⁰s
240 2219 296 2288 P⁰)·
390 2213 725 2290 ionf1·osiso,eiliip.
806 2220 836 2274 et
853 2234 904 2275 om.
918 2236 949 2288 p.
1033 2225 1062 2276 ei
1079 2219 1112 2276 cd

99 2290 185 2346 inicia
203 2288 312 2345 surdita
334 2288 419 2344 inicio
437 2288 506 2344 nitri
524 2289 592 2346 nitri
611 2293 640 2346 ei
659 2289 789 2348 cofoniiri
807 2295 854 2346 etc.
874 2306 897 2346 e.
1009 2299 1025 2347 3
1044 2292 1111 2348 eior-

98 2362 203 2417 nitrum
222 2361 286 2429 (eie)
298 2377 329 2430 p.
403 2361 566 2417 commisces
585 2379 625 2432 ep.
699 2369 795 2417 locro
811 2377 833 2416 o.
906 2362 1110 2431 et(ante01eo)

99 2450 148 2490 om.
159 2450 190 2503 p.
264 2438 280 2486 5
298 2430 416 2503 pmiclos
434 2432 498 2501 (eie)
516 2449 530 2487 c
549 2435 668 2500 (vermes
688 2433 782 2501 Peto).
870 2439 885 2486 c
908 2431 1065 2490 Centaurea
1082 2449 1113 2502 cp

99 2505 185 2572 (-rie
204 2504 295 2572 Pota).
386 2505 436 2557 aul
453 2503 575 2559 marubii
592 2507 622 2574 (p
641 2511 666 2561 et
685 2505 773 2571 Petr.)
791 2519 841 2558 orn.
862 2519 883 2558 c.
976 2511 991 2562 1
1011 2505 1114 2560 inlusos

98 2575 251 2629 excludunt
264 2591 295 2643 p.
368 2580 384 2627 9
403 2573 532 2642 pauliscir
550 2577 642 2631 ootrct‘r
651 2595 682 2646 p,
701 2573 862 2646 psrauliseti
879 2573 975 2628 octicir
991 2593 1014 2631 e.
1087 2577 1114 2628 et

98 2646 228 2716 deterges
247 2660 296 2699 om.
316 2660 338 2698 c.
413 2651 446 2697 11
466 2645 602 2702 saniolsm
621 2665 643 2714 c,
663 2646 771 2702 saniem
787 2662 818 2714 p.
891 2650 981 2714 ditm.
1055 2644 1113 2701 uni·

97 2733 179 2772 versa
197 2733 224 2772 c:
243 2731 293 2771 om.
308 2731 338 2783 p.
450 2721 482 2768 12
501 2716 567 2772 here
581 2735 612 2787 p,
631 2716 775 2787 (Trocisoi)
794 2732 860 2770 uere
878 2733 901 2771 c.
1010 2718 1114 2787 Maii

98 2808 162 2862 add.
189 2805 213 2874 c)
236 2803 319 2858 mitte
343 2785 413 2871 (titre
432 2805 465 2874 p)
491 2822 523 2874 aa
548 2808 669 2876 (myrrae
693 2831 726 2851 =
750 2800 874 2874 σμύρνης
897 2804 1039 2872 ledendum
1063 2819 1114 2860 esce

98 2879 213 2933 collatos
227 2875 351 2931 Galenus
368 2875 444 2930 docet
462 2875 539 2944 XII,
558 2882 620 2932 610.
636 2881 695 2932 628
708 2879 782 2946 squ).
857 2881 889 2928 13
909 2880 927 2936 3
946 2875 1073 2947 singulas
1088 2892 1112 2930 c:

98 2965 303 3036 arguo.
374 2963 463 3028 svn
482 2981 504 3036 ο,
524 2965 608 3036 gxii
620 2982 651 3034 p.
725 2963 823 3033 colligi
836 2945 962 3033 μάτ-
982 2963 1059 3034 gauf
1071 2964 1112 3036 pr)

95 3054 163 3108 vino
187 3038 297 3108 curtino
322 3053 464 3122 (-trino).
505 3055 552 3109 vel
570 3060 658 3110 aceto.
698 3055 727 3109 et
751 3051 838 3108 uteris
853 3069 888 3121 p,
913 3052 1024 3121 colligis
1049 3052 1111 3107 vino

99 3124 209 3178 austero
233 3126 274 3192 (er
300 3125 332 3178 in
359 3126 426 3192 rao.)
450 3126 480 3179 et
504 3124 591 3180 uteris
618 3123 768 3194 aliquando
794 3140 827 3179 ex
851 3125 931 3179 aceto
959 3122 1111 3193 aliquando

97 3195 163 3249 vino
182 3197 292 3248 austero
308 3210 342 3264 c„
404 3201 437 3249 16
455 3196 541 3265 (etp)
558 3196 588 3250 in
606 3213 662 3251 uno
681 3199 725 3266 (co
745 3227 778 3236 -
799 3196 823 3265 c)
841 3194 942 3250 misces
964 3211 1005 3264 ep.
1079 3197 1148 3259 18⁴

98 3270 128 3321 et
145 3265 277 3320 surditati
294 3280 344 3319 om.
364 3282 386 3320 c.
497 3266 1110 3338 1931.S.p21131(iaderversem.

98 3343 132 3390 20
152 3336 277 3391 acenoris
295 3335 358 3403 (sic)
377 3354 403 3405 q.
423 3354 444 3390 s.
464 3353 485 3391 e.
561 3339 665 3394 sufficit
683 3356 705 3408 e,
725 3338 829 3394 sufficit
847 3337 938 3407 (cerii)
952 3354 982 3406 p.
