<?xml version="1.0" encoding="UTF-8"?>
<!DOCTYPE html PUBLIC "-//W3C//DTD XHTML 1.0 Transitional//EN"
    "http://www.w3.org/TR/xhtml1/DTD/xhtml1-transitional.dtd">
<html xmlns="http://www.w3.org/1999/xhtml" xml:lang="en" lang="en">
 <head>
  <title>
</title>
<meta http-equiv="Content-Type" content="text/html;charset=utf-8" />
  <meta name='ocr-system' content='tesseract 3.04.00' />
  <meta name='ocr-capabilities' content='ocr_page ocr_carea ocr_par ocr_line ocrx_word'/>
</head>
<body>
  <div class='ocr_page' id='page_1' title='image "./cassiifelicisde01feligoog_0133.png"; bbox 0 0 2318 3788; ppageno 0'>
   <div class='ocr_carea' id='block_1_1' title="bbox 489 157 729 221">
    <p class='ocr_par' dir='ltr' id='par_1_1' title="bbox 489 157 729 221">
     <span class='ocr_line' id='line_1_1' title="bbox 489 157 729 221; baseline 0.008 -2"><span class='ocrx_word' id='word_1_1' title='bbox 489 157 729 221; x_wconf 76' lang='lat'>-116-</span> 
     </span>
    </p>
   </div>
   <div class='ocr_carea' id='block_1_2' title="bbox 59 300 1100 2248">
    <p class='ocr_par' dir='ltr' id='par_1_2' title="bbox 59 300 1100 2248">
     <span class='ocr_line' id='line_1_2' title="bbox 188 300 1100 382; baseline -0.001 -18"><span class='ocrx_word' id='word_1_2' title='bbox 188 304 333 382; x_wconf 84' lang='lat' dir='ltr'><strong>contingit</strong></span> <span class='ocrx_word' id='word_1_3' title='bbox 352 320 469 362; x_wconf 91' lang='lat' dir='ltr'><strong>morsus</strong></span> <span class='ocrx_word' id='word_1_4' title='bbox 491 309 521 363; x_wconf 89' lang='lat' dir='ltr'><strong>et</strong></span> <span class='ocrx_word' id='word_1_5' title='bbox 544 300 686 364; x_wconf 90' lang='lat' dir='ltr'><strong>ulceratio</strong></span> <span class='ocrx_word' id='word_1_6' title='bbox 710 319 746 362; x_wconf 89' lang='lat' dir='ltr'><strong>ex</strong></span> <span class='ocrx_word' id='word_1_7' title='bbox 771 304 963 366; x_wconf 74' lang='lat' dir='ltr'><strong>antecedenti</strong></span> <span class='ocrx_word' id='word_1_8' title='bbox 984 303 1100 365; x_wconf 86' lang='lat' dir='ltr'><strong>humoris</strong></span> 
     </span>
     <span class='ocr_line' id='line_1_3' title="bbox 98 390 1100 455; baseline -0.004 -1"><span class='ocrx_word' id='word_1_9' title='bbox 98 392 237 455; x_wconf 81' lang='lat' dir='ltr'><strong>acredine</strong></span> <span class='ocrx_word' id='word_1_10' title='bbox 262 401 292 452; x_wconf 90' lang='lat' dir='ltr'><strong>et</strong></span> <span class='ocrx_word' id='word_1_11' title='bbox 314 390 399 450; x_wconf 92' lang='lat' dir='ltr'><strong>dolor</strong></span> <span class='ocrx_word' id='word_1_12' title='bbox 422 390 487 451; x_wconf 84' lang='lat' dir='ltr'><strong>beri</strong></span> <span class='ocrx_word' id='word_1_13' title='bbox 510 390 586 453; x_wconf 90' lang='lat' dir='ltr'><strong>solet</strong></span> <span class='ocrx_word' id='word_1_14' title='bbox 608 393 693 452; x_wconf 88' lang='lat' dir='ltr'><strong>initio</strong></span> <span class='ocrx_word' id='word_1_15' title='bbox 712 393 819 454; x_wconf 93' lang='lat' dir='ltr'><strong>urinae</strong></span> <span class='ocrx_word' id='word_1_16' title='bbox 843 392 1041 455; x_wconf 82' lang='lat' dir='ltr'><strong>excludendae</strong></span> <span class='ocrx_word' id='word_1_17' title='bbox 1060 398 1100 453; x_wconf 91' lang='lat' dir='ltr'><strong>aut</strong></span> 
     </span>
     <span class='ocr_line' id='line_1_4' title="bbox 98 479 433 560; baseline -0.012 -17"><span class='ocrx_word' id='word_1_18' title='bbox 98 485 129 542; x_wconf 95' lang='lat' dir='ltr'><strong>in</strong></span> <span class='ocrx_word' id='word_1_19' title='bbox 153 483 210 543; x_wconf 85' lang='lat' dir='ltr'><strong>bne</strong></span> <span class='ocrx_word' id='word_1_20' title='bbox 235 479 433 560; x_wconf 84' lang='lat' dir='ltr'><strong>explicandae.</strong></span> 
     </span>
     <span class='ocr_line' id='line_1_5' title="bbox 188 568 1099 650; baseline -0.004 -18"><span class='ocrx_word' id='word_1_21' title='bbox 188 574 260 632; x_wconf 91' lang='lat' dir='ltr'><strong>item</strong></span> <span class='ocrx_word' id='word_1_22' title='bbox 283 571 313 629; x_wconf 92' lang='lat' dir='ltr'><strong>in</strong></span> <span class='ocrx_word' id='word_1_23' title='bbox 332 569 430 629; x_wconf 88' lang='lat' dir='ltr'><strong>vesica</strong></span> <span class='ocrx_word' id='word_1_24' title='bbox 447 568 575 649; x_wconf 72' lang='lat' dir='ltr'><strong>paralysi</strong></span> <span class='ocrx_word' id='word_1_25' title='bbox 594 570 693 630; x_wconf 90' lang='lat' dir='ltr'><strong>vitiata</strong></span> <span class='ocrx_word' id='word_1_26' title='bbox 716 578 769 630; x_wconf 90' lang='lat' dir='ltr'><strong>ant</strong></span> <span class='ocrx_word' id='word_1_27' title='bbox 791 570 937 650; x_wconf 86' lang='lat' dir='ltr'><strong>paulatim</strong></span> <span class='ocrx_word' id='word_1_28' title='bbox 959 573 1041 633; x_wconf 85' lang='lat' dir='ltr'><strong>urim</strong></span> <span class='ocrx_word' id='word_1_29' title='bbox 1057 587 1099 650; x_wconf 85' lang='lat' dir='ltr'><strong>per</strong></span> 
     </span>
     <span class='ocr_line' id='line_1_6' title="bbox 71 657 1099 740; baseline 0.002 -19"><span class='ocrx_word' id='word_1_30' title='bbox 71 667 198 739; x_wconf 70' lang='lat' dir='ltr'><strong>oguttas</strong></span> <span class='ocrx_word' id='word_1_31' title='bbox 226 657 439 719; x_wconf 81' lang='lat' dir='ltr'><strong>insensibiliter</strong></span> <span class='ocrx_word' id='word_1_32' title='bbox 467 657 648 739; x_wconf 81' lang='lat' dir='ltr'><strong>excluditur,</strong></span> <span class='ocrx_word' id='word_1_33' title='bbox 679 660 705 719; x_wconf 92' lang='lat' dir='ltr'><strong>si</strong></span> <span class='ocrx_word' id='word_1_34' title='bbox 732 676 769 718; x_wconf 91' lang='lat' dir='ltr'><strong>ex</strong></span> <span class='ocrx_word' id='word_1_35' title='bbox 798 669 885 740; x_wconf 85' lang='lat' dir='ltr'><strong>parte</strong></span> <span class='ocrx_word' id='word_1_36' title='bbox 913 661 1005 722; x_wconf 87' lang='lat' dir='ltr'><strong>luerit</strong></span> <span class='ocrx_word' id='word_1_37' title='bbox 1029 667 1099 738; x_wconf 72' lang='lat' dir='ltr'><strong>tacte,</strong></span> 
     </span>
     <span class='ocr_line' id='line_1_7' title="bbox 98 746 1099 830; baseline -0.002 -22"><span class='ocrx_word' id='word_1_38' title='bbox 98 758 149 809; x_wconf 90' lang='lat' dir='ltr'><strong>aut</strong></span> <span class='ocrx_word' id='word_1_39' title='bbox 171 747 369 808; x_wconf 85' lang='lat' dir='ltr'><strong>involuntarie</strong></span> <span class='ocrx_word' id='word_1_40' title='bbox 394 746 481 808; x_wconf 89' lang='lat' dir='ltr'><strong>simul</strong></span> <span class='ocrx_word' id='word_1_41' title='bbox 504 746 624 808; x_wconf 85' lang='lat' dir='ltr'><strong>exclusa</strong></span> <span class='ocrx_word' id='word_1_42' title='bbox 647 747 831 830; x_wconf 86' lang='lat' dir='ltr'><strong>ostenditur,</strong></span> <span class='ocrx_word' id='word_1_43' title='bbox 857 751 885 811; x_wconf 94' lang='lat' dir='ltr'><strong>si</strong></span> <span class='ocrx_word' id='word_1_44' title='bbox 908 751 1005 811; x_wconf 89' lang='lat' dir='ltr'><strong>omnis</strong></span> <span class='ocrx_word' id='word_1_45' title='bbox 1025 748 1099 810; x_wconf 85' lang='lat' dir='ltr'><strong>luerit</strong></span> 
     </span>
     <span class='ocr_line' id='line_1_8' title="bbox 97 839 206 898; baseline 0.018 -4"><span class='ocrx_word' id='word_1_46' title='bbox 97 839 206 898; x_wconf 80' lang='lat' dir='ltr'><strong>vitiata.</strong></span> 
     </span>
     <span class='ocr_line' id='line_1_9' title="bbox 188 925 1098 1007; baseline -0.002 -21"><span class='ocrx_word' id='word_1_47' title='bbox 188 933 235 986; x_wconf 88' lang='lat' dir='ltr'><strong>est</strong></span> <span class='ocrx_word' id='word_1_48' title='bbox 252 927 363 986; x_wconf 89' lang='lat' dir='ltr'><strong>iterum</strong></span> <span class='ocrx_word' id='word_1_49' title='bbox 382 925 473 985; x_wconf 91' lang='lat' dir='ltr'><strong>altera</strong></span> <span class='ocrx_word' id='word_1_50' title='bbox 492 926 590 1004; x_wconf 87' lang='lat' dir='ltr'><strong>passio</strong></span> <span class='ocrx_word' id='word_1_51' title='bbox 609 943 645 985; x_wconf 87' lang='lat' dir='ltr'><strong>ex</strong></span> <span class='ocrx_word' id='word_1_52' title='bbox 669 927 887 988; x_wconf 89' lang='lat' dir='ltr'><strong>incontinentia</strong></span> <span class='ocrx_word' id='word_1_53' title='bbox 906 929 1011 988; x_wconf 90' lang='lat' dir='ltr'><strong>urinae</strong></span> <span class='ocrx_word' id='word_1_54' title='bbox 1032 943 1098 1007; x_wconf 84' lang='lat' dir='ltr'><strong>para·</strong></span> 
     </span>
     <span class='ocr_line' id='line_1_10' title="bbox 98 1013 1099 1094; baseline 0 -20"><span class='ocrx_word' id='word_1_55' title='bbox 98 1014 153 1094; x_wconf 81' lang='lat' dir='ltr'><strong>lysi</strong></span> <span class='ocrx_word' id='word_1_56' title='bbox 182 1015 297 1075; x_wconf 90' lang='lat' dir='ltr'><strong>vesicae</strong></span> <span class='ocrx_word' id='word_1_57' title='bbox 325 1013 465 1074; x_wconf 89' lang='lat' dir='ltr'><strong>deterior.</strong></span> <span class='ocrx_word' id='word_1_58' title='bbox 507 1031 543 1073; x_wconf 86' lang='lat' dir='ltr'><strong>ex</strong></span> <span class='ocrx_word' id='word_1_59' title='bbox 572 1013 695 1075; x_wconf 86' lang='lat' dir='ltr'><strong>renibus</strong></span> <span class='ocrx_word' id='word_1_60' title='bbox 722 1013 937 1078; x_wconf 88' lang='lat' dir='ltr'><strong>descendentis</strong></span> <span class='ocrx_word' id='word_1_61' title='bbox 965 1023 996 1077; x_wconf 92' lang='lat' dir='ltr'><strong>et</strong></span> <span class='ocrx_word' id='word_1_62' title='bbox 1020 1015 1099 1075; x_wconf 79' lang='lat' dir='ltr'><strong>vene</strong></span> 
     </span>
     <span class='ocr_line' id='line_1_11' title="bbox 59 1102 1099 1183; baseline 0.001 -20"><span class='ocrx_word' id='word_1_63' title='bbox 59 1117 85 1156; x_wconf 88' lang='lat'><strong>10</strong></span> <span class='ocrx_word' id='word_1_64' title='bbox 99 1105 297 1183; x_wconf 89' lang='lat' dir='ltr'><strong>compatiente</strong></span> <span class='ocrx_word' id='word_1_65' title='bbox 330 1103 473 1183; x_wconf 85' lang='lat' dir='ltr'><strong>efficitur,</strong></span> <span class='ocrx_word' id='word_1_66' title='bbox 508 1111 539 1163; x_wconf 90' lang='lat' dir='ltr'><strong>et</strong></span> <span class='ocrx_word' id='word_1_67' title='bbox 571 1102 735 1182; x_wconf 86' lang='lat' dir='ltr'><strong>appellatur</strong></span> <span class='ocrx_word' id='word_1_68' title='bbox 767 1121 785 1163; x_wconf 93' lang='lat' dir='ltr'><strong>a</strong></span> <span class='ocrx_word' id='word_1_69' title='bbox 817 1103 941 1167; x_wconf 85' lang='lat' dir='ltr'><strong>Graecis</strong></span> <span class='ocrx_word' id='word_1_70' title='bbox 978 1103 1099 1180; x_wconf 75' lang='lat' dir='ltr'><strong>diabeten,</strong></span> 
     </span>
     <span class='ocr_line' id='line_1_12' title="bbox 99 1192 1098 1272; baseline -0.003 -19"><span class='ocrx_word' id='word_1_71' title='bbox 99 1192 246 1272; x_wconf 89' lang='lat' dir='ltr'><strong>siquidem</strong></span> <span class='ocrx_word' id='word_1_72' title='bbox 275 1209 343 1252; x_wconf 85' lang='lat' dir='ltr'><strong>mox</strong></span> <span class='ocrx_word' id='word_1_73' title='bbox 370 1193 491 1271; x_wconf 91' lang='lat' dir='ltr'><strong>potione</strong></span> <span class='ocrx_word' id='word_1_74' title='bbox 520 1198 640 1271; x_wconf 86' lang='lat' dir='ltr'><strong>accepta</strong></span> <span class='ocrx_word' id='word_1_75' title='bbox 667 1209 723 1272; x_wconf 87' lang='lat' dir='ltr'><strong>per</strong></span> <span class='ocrx_word' id='word_1_76' title='bbox 750 1193 883 1254; x_wconf 88' lang='lat' dir='ltr'><strong>urinales</strong></span> <span class='ocrx_word' id='word_1_77' title='bbox 911 1195 974 1256; x_wconf 83' lang='lat' dir='ltr'><strong>vias</strong></span> <span class='ocrx_word' id='word_1_78' title='bbox 996 1195 1098 1255; x_wconf 83' lang='lat' dir='ltr'><strong>raritate</strong></span> 
     </span>
     <span class='ocr_line' id='line_1_13' title="bbox 98 1279 1099 1363; baseline 0 -21"><span class='ocrx_word' id='word_1_79' title='bbox 98 1280 302 1342; x_wconf 91' lang='lat' dir='ltr'><strong>membrorum</strong></span> <span class='ocrx_word' id='word_1_80' title='bbox 335 1282 513 1341; x_wconf 90' lang='lat' dir='ltr'><strong>interiorum</strong></span> <span class='ocrx_word' id='word_1_81' title='bbox 546 1279 707 1341; x_wconf 89' lang='lat' dir='ltr'><strong>descendat</strong></span> <span class='ocrx_word' id='word_1_82' title='bbox 742 1288 896 1361; x_wconf 81' lang='lat' dir='ltr'><strong>tamquam</strong></span> <span class='ocrx_word' id='word_1_83' title='bbox 932 1301 988 1363; x_wconf 90' lang='lat' dir='ltr'><strong>per</strong></span> <span class='ocrx_word' id='word_1_84' title='bbox 1020 1281 1099 1344; x_wconf 82' lang='lat' dir='ltr'><strong>mauu</strong></span> 
     </span>
     <span class='ocr_line' id='line_1_14' title="bbox 98 1368 1098 1452; baseline -0.002 -22"><span class='ocrx_word' id='word_1_85' title='bbox 98 1372 221 1432; x_wconf 85' lang='lat' dir='ltr'><strong>seratur.</strong></span> <span class='ocrx_word' id='word_1_86' title='bbox 263 1372 362 1431; x_wconf 90' lang='lat' dir='ltr'><strong>rarius</strong></span> <span class='ocrx_word' id='word_1_87' title='bbox 390 1369 510 1449; x_wconf 90' lang='lat' dir='ltr'><strong>quidem</strong></span> <span class='ocrx_word' id='word_1_88' title='bbox 534 1370 679 1448; x_wconf 79' lang='lat' dir='ltr'><strong>contingit</strong></span> <span class='ocrx_word' id='word_1_89' title='bbox 701 1369 775 1430; x_wconf 89' lang='lat' dir='ltr'><strong>baec</strong></span> <span class='ocrx_word' id='word_1_90' title='bbox 800 1373 916 1452; x_wconf 86' lang='lat' dir='ltr'><strong>passio,</strong></span> <span class='ocrx_word' id='word_1_91' title='bbox 943 1371 996 1434; x_wconf 88' lang='lat' dir='ltr'><strong>sed</strong></span> <span class='ocrx_word' id='word_1_92' title='bbox 1018 1368 1098 1432; x_wconf 88' lang='lat' dir='ltr'><strong>subito</strong></span> 
     </span>
     <span class='ocr_line' id='line_1_15' title="bbox 99 1456 1098 1541; baseline -0.003 -22"><span class='ocrx_word' id='word_1_93' title='bbox 99 1463 242 1519; x_wconf 87' lang='lat' dir='ltr'><strong>nascitur.</strong></span> <span class='ocrx_word' id='word_1_94' title='bbox 275 1467 305 1519; x_wconf 90' lang='lat' dir='ltr'><strong>et</strong></span> <span class='ocrx_word' id='word_1_95' title='bbox 322 1467 369 1519; x_wconf 89' lang='lat' dir='ltr'><strong>est</strong></span> <span class='ocrx_word' id='word_1_96' title='bbox 387 1459 507 1518; x_wconf 92' lang='lat' dir='ltr'><strong>omnino</strong></span> <span class='ocrx_word' id='word_1_97' title='bbox 527 1456 709 1518; x_wconf 89' lang='lat' dir='ltr'><strong>incurabilis.</strong></span> <span class='ocrx_word' id='word_1_98' title='bbox 741 1457 834 1537; x_wconf 88' lang='lat' dir='ltr'><strong>aliqui</strong></span> <span class='ocrx_word' id='word_1_99' title='bbox 852 1459 931 1522; x_wconf 84' lang='lat' dir='ltr'><strong>banc</strong></span> <span class='ocrx_word' id='word_1_100' title='bbox 949 1462 1098 1541; x_wconf 85' lang='lat' dir='ltr'><strong>passionen</strong></span> 
     </span>
     <span class='ocr_line' id='line_1_16' title="bbox 60 1544 1097 1628; baseline 0.006 -28"><span class='ocrx_word' id='word_1_101' title='bbox 60 1561 86 1601; x_wconf 82' lang='lat'><strong>15</strong></span> <span class='ocrx_word' id='word_1_102' title='bbox 100 1547 291 1626; x_wconf 79' lang='lat' dir='ltr'><strong>hydropismo</strong></span> <span class='ocrx_word' id='word_1_103' title='bbox 316 1545 502 1628; x_wconf 87' lang='lat' dir='ltr'><strong>adscribunt,</strong></span> <span class='ocrx_word' id='word_1_104' title='bbox 531 1548 670 1625; x_wconf 87' lang='lat' dir='ltr'><strong>quoniam</strong></span> <span class='ocrx_word' id='word_1_105' title='bbox 693 1548 784 1607; x_wconf 87' lang='lat' dir='ltr'><strong>nimia</strong></span> <span class='ocrx_word' id='word_1_106' title='bbox 807 1549 858 1609; x_wconf 90' lang='lat' dir='ltr'><strong>siti</strong></span> <span class='ocrx_word' id='word_1_107' title='bbox 884 1551 1032 1628; x_wconf 89' lang='lat' dir='ltr'><strong>patientes</strong></span> <span class='ocrx_word' id='word_1_108' title='bbox 1051 1544 1097 1607; x_wconf 88' lang='lat' dir='ltr'><strong>ali·</strong></span> 
     </span>
     <span class='ocr_line' id='line_1_17' title="bbox 100 1634 1033 1714; baseline 0.004 -18"><span class='ocrx_word' id='word_1_109' title='bbox 100 1638 218 1696; x_wconf 90' lang='lat' dir='ltr'><strong>ciantur</strong></span> <span class='ocrx_word' id='word_1_110' title='bbox 242 1645 272 1695; x_wconf 89' lang='lat' dir='ltr'><strong>et</strong></span> <span class='ocrx_word' id='word_1_111' title='bbox 295 1634 481 1697; x_wconf 89' lang='lat' dir='ltr'><strong>subalbidum</strong></span> <span class='ocrx_word' id='word_1_112' title='bbox 507 1642 537 1695; x_wconf 93' lang='lat' dir='ltr'><strong>et</strong></span> <span class='ocrx_word' id='word_1_113' title='bbox 559 1653 704 1714; x_wconf 90' lang='lat' dir='ltr'><strong>aquosum</strong></span> <span class='ocrx_word' id='word_1_114' title='bbox 728 1635 843 1697; x_wconf 91' lang='lat' dir='ltr'><strong>vultum</strong></span> <span class='ocrx_word' id='word_1_115' title='bbox 866 1639 1033 1700; x_wconf 90' lang='lat' dir='ltr'><strong>ostendant.</strong></span> 
     </span>
     <span class='ocr_line' id='line_1_18' title="bbox 190 1722 1097 1807; baseline -0.001 -23"><span class='ocrx_word' id='word_1_116' title='bbox 190 1726 335 1803; x_wconf 85' lang='lat' dir='ltr'><strong>contingit</strong></span> <span class='ocrx_word' id='word_1_117' title='bbox 364 1726 473 1784; x_wconf 91' lang='lat' dir='ltr'><strong>iterum</strong></span> <span class='ocrx_word' id='word_1_118' title='bbox 497 1742 535 1783; x_wconf 87' lang='lat' dir='ltr'><strong>ex</strong></span> <span class='ocrx_word' id='word_1_119' title='bbox 557 1722 681 1784; x_wconf 88' lang='lat' dir='ltr'><strong>renibus</strong></span> <span class='ocrx_word' id='word_1_120' title='bbox 707 1724 848 1786; x_wconf 91' lang='lat' dir='ltr'><strong>ulceratis</strong></span> <span class='ocrx_word' id='word_1_121' title='bbox 872 1726 1097 1807; x_wconf 82' lang='lat' dir='ltr'><strong>sanguinolentus</strong></span> 
     </span>
     <span class='ocr_line' id='line_1_19' title="bbox 99 1809 1097 1895; baseline -0.002 -21"><span class='ocrx_word' id='word_1_122' title='bbox 99 1815 230 1874; x_wconf 89' lang='lat' dir='ltr'><strong>minctus</strong></span> <span class='ocrx_word' id='word_1_123' title='bbox 253 1821 305 1873; x_wconf 90' lang='lat' dir='ltr'><strong>aut</strong></span> <span class='ocrx_word' id='word_1_124' title='bbox 328 1815 464 1872; x_wconf 89' lang='lat' dir='ltr'><strong>saniosus</strong></span> <span class='ocrx_word' id='word_1_125' title='bbox 487 1812 534 1872; x_wconf 86' lang='lat' dir='ltr'><strong>rel</strong></span> <span class='ocrx_word' id='word_1_126' title='bbox 557 1811 742 1887; x_wconf 88' lang='lat' dir='ltr'><strong>subalbidus,</strong></span> <span class='ocrx_word' id='word_1_127' title='bbox 766 1812 926 1893; x_wconf 88' lang='lat' dir='ltr'><strong>aliquando</strong></span> <span class='ocrx_word' id='word_1_128' title='bbox 950 1834 1017 1878; x_wconf 90' lang='lat' dir='ltr'><strong>cum</strong></span> <span class='ocrx_word' id='word_1_129' title='bbox 1034 1809 1097 1895; x_wconf 74' lang='lat' dir='ltr'><strong>gravi</strong></span> 
     </span>
     <span class='ocr_line' id='line_1_20' title="bbox 100 1899 1096 1984; baseline 0.002 -22"><span class='ocrx_word' id='word_1_130' title='bbox 100 1901 206 1984; x_wconf 89' lang='lat' dir='ltr'><strong>odore,</strong></span> <span class='ocrx_word' id='word_1_131' title='bbox 229 1907 388 1962; x_wconf 88' lang='lat' dir='ltr'><strong>attestante</strong></span> <span class='ocrx_word' id='word_1_132' title='bbox 412 1902 530 1961; x_wconf 89' lang='lat' dir='ltr'><strong>renium</strong></span> <span class='ocrx_word' id='word_1_133' title='bbox 553 1899 655 1961; x_wconf 90' lang='lat' dir='ltr'><strong>dolore</strong></span> <span class='ocrx_word' id='word_1_134' title='bbox 679 1909 710 1961; x_wconf 89' lang='lat' dir='ltr'><strong>et</strong></span> <span class='ocrx_word' id='word_1_135' title='bbox 731 1900 824 1962; x_wconf 73' lang='lat' dir='ltr'><strong>ilium,</strong></span> <span class='ocrx_word' id='word_1_136' title='bbox 861 1905 889 1964; x_wconf 88' lang='lat' dir='ltr'><strong>si</strong></span> <span class='ocrx_word' id='word_1_137' title='bbox 906 1923 979 1966; x_wconf 85' lang='lat' dir='ltr'><strong>vero</strong></span> <span class='ocrx_word' id='word_1_138' title='bbox 998 1900 1096 1982; x_wconf 76' lang='lat' dir='ltr'><strong>sanguis</strong></span> 
     </span>
     <span class='ocr_line' id='line_1_21' title="bbox 61 1988 1097 2073; baseline -0.004 -22"><span class='ocrx_word' id='word_1_139' title='bbox 61 2003 87 2043; x_wconf 81' lang='lat'><strong>20</strong></span> <span class='ocrx_word' id='word_1_140' title='bbox 100 2009 194 2072; x_wconf 90' lang='lat' dir='ltr'><strong>purus</strong></span> <span class='ocrx_word' id='word_1_141' title='bbox 218 1991 309 2052; x_wconf 86' lang='lat' dir='ltr'><strong>luerit</strong></span> <span class='ocrx_word' id='word_1_142' title='bbox 333 1988 486 2069; x_wconf 75' lang='lat' dir='ltr'><strong>exclusum,</strong></span> <span class='ocrx_word' id='word_1_143' title='bbox 514 1990 703 2067; x_wconf 90' lang='lat' dir='ltr'><strong>eruptionem</strong></span> <span class='ocrx_word' id='word_1_144' title='bbox 730 2007 823 2050; x_wconf 87' lang='lat' dir='ltr'><strong>venae</strong></span> <span class='ocrx_word' id='word_1_145' title='bbox 851 2000 903 2054; x_wconf 91' lang='lat' dir='ltr'><strong>aut</strong></span> <span class='ocrx_word' id='word_1_146' title='bbox 928 1992 1097 2073; x_wconf 85' lang='lat' dir='ltr'><strong>putredinem</strong></span> 
     </span>
     <span class='ocr_line' id='line_1_22' title="bbox 100 2075 1097 2160; baseline -0.002 -20"><span class='ocrx_word' id='word_1_147' title='bbox 100 2081 195 2159; x_wconf 87' lang='lat' dir='ltr'><strong>ipsius</strong></span> <span class='ocrx_word' id='word_1_148' title='bbox 224 2079 370 2158; x_wconf 85' lang='lat' dir='ltr'><strong>significat</strong></span> <span class='ocrx_word' id='word_1_149' title='bbox 396 2080 426 2137; x_wconf 92' lang='lat' dir='ltr'><strong>in</strong></span> <span class='ocrx_word' id='word_1_150' title='bbox 450 2075 575 2137; x_wconf 89' lang='lat' dir='ltr'><strong>renibus</strong></span> <span class='ocrx_word' id='word_1_151' title='bbox 598 2086 649 2138; x_wconf 90' lang='lat' dir='ltr'><strong>aut</strong></span> <span class='ocrx_word' id='word_1_152' title='bbox 672 2079 769 2138; x_wconf 87' lang='lat' dir='ltr'><strong>vesica</strong></span> <span class='ocrx_word' id='word_1_153' title='bbox 797 2079 906 2142; x_wconf 82' lang='lat' dir='ltr'><strong>lectam</strong></span> <span class='ocrx_word' id='word_1_154' title='bbox 930 2083 1034 2160; x_wconf 90' lang='lat' dir='ltr'><strong>luisse,</strong></span> <span class='ocrx_word' id='word_1_155' title='bbox 1054 2091 1097 2158; x_wconf 78' lang='lat' dir='ltr'><strong>qut</strong></span> 
     </span>
     <span class='ocr_line' id='line_1_23' title="bbox 100 2164 993 2248; baseline 0.007 -21"><span class='ocrx_word' id='word_1_156' title='bbox 100 2169 164 2229; x_wconf 91' lang='lat' dir='ltr'><strong>loca</strong></span> <span class='ocrx_word' id='word_1_157' title='bbox 188 2186 263 2247; x_wconf 89' lang='lat' dir='ltr'><strong>quae</strong></span> <span class='ocrx_word' id='word_1_158' title='bbox 288 2169 442 2247; x_wconf 91' lang='lat' dir='ltr'><strong>patiuntur</strong></span> <span class='ocrx_word' id='word_1_159' title='bbox 465 2164 567 2225; x_wconf 91' lang='lat' dir='ltr'><strong>dolore</strong></span> <span class='ocrx_word' id='word_1_160' title='bbox 590 2165 705 2245; x_wconf 88' lang='lat' dir='ltr'><strong>pulsata</strong></span> <span class='ocrx_word' id='word_1_161' title='bbox 728 2165 993 2248; x_wconf 85' lang='lat' dir='ltr'><strong>desanguinentur.</strong></span> 
     </span>
    </p>
   </div>
   <div class='ocr_carea' id='block_1_3' title="bbox 100 2336 1140 3414">
    <p class='ocr_par' dir='ltr' id='par_1_3' title="bbox 100 2336 1097 2755">
     <span class='ocr_line' id='line_1_24' title="bbox 172 2336 1096 2408; baseline -0.002 -16"><span class='ocrx_word' id='word_1_162' title='bbox 172 2345 188 2392; x_wconf 94' lang='grc'>2</span> <span class='ocrx_word' id='word_1_163' title='bbox 209 2337 374 2393; x_wconf 83' lang='lat' dir='ltr'><strong>excludente</strong></span> <span class='ocrx_word' id='word_1_164' title='bbox 393 2353 407 2392; x_wconf 91' lang='lat' dir='ltr'><strong>c</strong></span> <span class='ocrx_word' id='word_1_165' title='bbox 426 2337 485 2406; x_wconf 74' lang='lat' dir='ltr'><strong>(qui</strong></span> <span class='ocrx_word' id='word_1_166' title='bbox 504 2352 555 2391; x_wconf 84' lang='lat' dir='ltr'><strong>om.</strong></span> <span class='ocrx_word' id='word_1_167' title='bbox 574 2339 625 2392; x_wconf 88' lang='lat' dir='ltr'><strong>aut</strong></span> <span class='ocrx_word' id='word_1_168' title='bbox 643 2369 677 2376; x_wconf 94' lang='lat'><em>-</em></span> <span class='ocrx_word' id='word_1_169' title='bbox 697 2336 881 2408; x_wconf 81' lang='lat' dir='ltr'><strong>explicande).</strong></span> <span class='ocrx_word' id='word_1_170' title='bbox 955 2341 1050 2396; x_wconf 71' lang='lat' dir='ltr'><strong>ditem</strong></span> <span class='ocrx_word' id='word_1_171' title='bbox 1065 2336 1096 2390; x_wconf 79' lang='lat' dir='ltr'><strong>in:</strong></span> 
     </span>
     <span class='ocr_line' id='line_1_25' title="bbox 100 2408 1096 2481; baseline 0.003 -16"><span class='ocrx_word' id='word_1_172' title='bbox 100 2411 172 2465; x_wconf 86' lang='lat' dir='ltr'><strong>Item</strong></span> <span class='ocrx_word' id='word_1_173' title='bbox 191 2425 218 2476; x_wconf 89' lang='grc' dir='ltr'><strong>σ,</strong></span> <span class='ocrx_word' id='word_1_174' title='bbox 238 2409 341 2463; x_wconf 85' lang='lat' dir='ltr'><strong>lterum</strong></span> <span class='ocrx_word' id='word_1_175' title='bbox 359 2409 390 2463; x_wconf 90' lang='lat' dir='ltr'><strong>in</strong></span> <span class='ocrx_word' id='word_1_176' title='bbox 402 2425 434 2478; x_wconf 77' lang='lat' dir='ltr'><strong>p.</strong></span> <span class='ocrx_word' id='word_1_177' title='bbox 542 2408 664 2479; x_wconf 84' lang='lat' dir='ltr'><strong>pvitiatc</strong></span> <span class='ocrx_word' id='word_1_178' title='bbox 677 2427 707 2478; x_wconf 80' lang='lat' dir='ltr'><strong>p.</strong></span> <span class='ocrx_word' id='word_1_179' title='bbox 816 2411 944 2467; x_wconf 82' lang='lat' dir='ltr'><strong>domnia</strong></span> <span class='ocrx_word' id='word_1_180' title='bbox 962 2429 990 2481; x_wconf 88' lang='lat' dir='ltr'><strong>c,</strong></span> <span class='ocrx_word' id='word_1_181' title='bbox 1010 2412 1096 2474; x_wconf 69' lang='lat' dir='ltr'><strong>total·</strong></span> 
     </span>
     <span class='ocr_line' id='line_1_26' title="bbox 101 2478 1096 2552; baseline 0.002 -16"><span class='ocrx_word' id='word_1_182' title='bbox 101 2485 131 2536; x_wconf 83' lang='lat' dir='ltr'><strong>et</strong></span> <span class='ocrx_word' id='word_1_183' title='bbox 145 2484 188 2536; x_wconf 87' lang='lat' dir='ltr'><strong>est</strong></span> <span class='ocrx_word' id='word_1_184' title='bbox 197 2499 228 2550; x_wconf 83' lang='lat' dir='ltr'><strong>p.</strong></span> <span class='ocrx_word' id='word_1_185' title='bbox 301 2487 317 2535; x_wconf 87' lang='grc'>9</span> <span class='ocrx_word' id='word_1_186' title='bbox 332 2479 526 2535; x_wconf 82' lang='lat' dir='ltr'><strong>descendentis</strong></span> <span class='ocrx_word' id='word_1_187' title='bbox 542 2481 589 2549; x_wconf 89' lang='grc' dir='ltr'><strong><em>(εσ.</em></strong></span> <span class='ocrx_word' id='word_1_188' title='bbox 603 2479 726 2549; x_wconf 74' lang='lat' dir='ltr'><strong>urinuelz</strong></span> <span class='ocrx_word' id='word_1_189' title='bbox 745 2478 897 2536; x_wconf 75' lang='lat' dir='ltr'><strong>descendas</strong></span> <span class='ocrx_word' id='word_1_190' title='bbox 913 2484 977 2551; x_wconf 82' lang='lat' dir='ltr'><strong>(aio)</strong></span> <span class='ocrx_word' id='word_1_191' title='bbox 987 2500 1018 2552; x_wconf 85' lang='lat' dir='ltr'><strong>p,</strong></span> <span class='ocrx_word' id='word_1_192' title='bbox 1030 2490 1096 2537; x_wconf 69' lang='grc' dir='ltr'><strong>σειε</strong></span> 
     </span>
     <span class='ocr_line' id='line_1_27' title="bbox 102 2546 1097 2622; baseline 0.002 -16"><span class='ocrx_word' id='word_1_193' title='bbox 102 2558 135 2606; x_wconf 88' lang='lat'><strong>10</strong></span> <span class='ocrx_word' id='word_1_194' title='bbox 154 2553 285 2608; x_wconf 86' lang='lat' dir='ltr'><strong>diabeten</strong></span> <span class='ocrx_word' id='word_1_195' title='bbox 304 2567 331 2617; x_wconf 90' lang='lat' dir='ltr'><strong>c,</strong></span> <span class='ocrx_word' id='word_1_196' title='bbox 349 2551 414 2605; x_wconf 73' lang='lat' dir='ltr'><strong>-te</strong></span> <span class='ocrx_word' id='word_1_197' title='bbox 430 2567 459 2619; x_wconf 80' lang='lat' dir='ltr'><strong>p.</strong></span> <span class='ocrx_word' id='word_1_198' title='bbox 540 2556 572 2606; x_wconf 91' lang='grc'><strong>11</strong></span> <span class='ocrx_word' id='word_1_199' title='bbox 592 2567 657 2607; x_wconf 90' lang='lat' dir='ltr'><strong>mox</strong></span> <span class='ocrx_word' id='word_1_200' title='bbox 675 2550 790 2621; x_wconf 87' lang='lat' dir='ltr'><strong>potione</strong></span> <span class='ocrx_word' id='word_1_201' title='bbox 808 2556 928 2622; x_wconf 80' lang='lat' dir='ltr'><strong>accepta</strong></span> <span class='ocrx_word' id='word_1_202' title='bbox 946 2571 974 2622; x_wconf 90' lang='lat' dir='ltr'><strong>c,</strong></span> <span class='ocrx_word' id='word_1_203' title='bbox 999 2569 1056 2609; x_wconf 88' lang='lat' dir='ltr'><strong>mox</strong></span> <span class='ocrx_word' id='word_1_204' title='bbox 1074 2546 1097 2601; x_wconf 73' lang='lat' dir='ltr'><strong>ui</strong></span> 
     </span>
     <span class='ocr_line' id='line_1_28' title="bbox 100 2620 1096 2755; baseline 0.005 -8"><span class='ocrx_word' id='word_1_205' title='bbox 100 2620 813 2755; x_wconf 44' lang='lat' dir='ltr'><strong>ttt3⁰l⁰ttttt⁹tdl³lttttnbilam</strong></span> <span class='ocrx_word' id='word_1_206' title='bbox 848 2623 1096 2752; x_wconf 47' lang='grc' dir='ltr'><strong>ἓεῖωεῖοὲἒὲθῖ</strong></span> 
     </span>
    </p>

    <p class='ocr_par' dir='ltr' id='par_1_4' title="bbox 100 2712 1140 3414">
     <span class='ocr_line' id='line_1_29' title="bbox 156 2725 1097 2751; baseline 0.003 -3"><span class='ocrx_word' id='word_1_207' title='bbox 156 2735 162 2748; x_wconf 75' lang='grc' dir='ltr'>ι</span> <span class='ocrx_word' id='word_1_208' title='bbox 1090 2725 1097 2751; x_wconf 85' lang='lat' dir='ltr'><strong>l</strong></span> 
     </span>
     <span class='ocr_line' id='line_1_30' title="bbox 100 2712 1097 2836; baseline 0.004 -17"><span class='ocrx_word' id='word_1_209' title='bbox 100 2712 209 2820; x_wconf 52' lang='lat' dir='ltr'><strong>minag</strong></span> <span class='ocrx_word' id='word_1_210' title='bbox 229 2766 317 2836; x_wconf 58' lang='lat' dir='ltr'><strong>(uiant</strong></span> <span class='ocrx_word' id='word_1_211' title='bbox 330 2764 388 2835; x_wconf 73' lang='lat' dir='ltr'><strong>pua</strong></span> <span class='ocrx_word' id='word_1_212' title='bbox 405 2765 470 2834; x_wconf 83' lang='lat' dir='ltr'><strong>(sic)</strong></span> <span class='ocrx_word' id='word_1_213' title='bbox 482 2764 607 2820; x_wconf 83' lang='lat' dir='ltr'><strong>raritatis</strong></span> <span class='ocrx_word' id='word_1_214' title='bbox 620 2765 808 2819; x_wconf 85' lang='lat' dir='ltr'><strong>membrorum</strong></span> <span class='ocrx_word' id='word_1_215' title='bbox 822 2764 990 2823; x_wconf 86' lang='lat' dir='ltr'><strong>interiorum</strong></span> <span class='ocrx_word' id='word_1_216' title='bbox 1003 2768 1097 2823; x_wconf 74' lang='lat' dir='ltr'><strong>dumn-</strong></span> 
     </span>
     <span class='ocr_line' id='line_1_31' title="bbox 101 2828 1097 2906; baseline -0.001 -16"><span class='ocrx_word' id='word_1_217' title='bbox 101 2837 175 2906; x_wconf 83' lang='lat' dir='ltr'><strong>ditp</strong></span> <span class='ocrx_word' id='word_1_218' title='bbox 193 2836 241 2903; x_wconf 80' lang='lat' dir='ltr'><strong>(cf.</strong></span> <span class='ocrx_word' id='word_1_219' title='bbox 256 2836 336 2892; x_wconf 81' lang='lat' dir='ltr'><strong>Alex.</strong></span> <span class='ocrx_word' id='word_1_220' title='bbox 351 2836 399 2892; x_wconf 83' lang='lat' dir='ltr'><strong>lat.</strong></span> <span class='ocrx_word' id='word_1_221' title='bbox 413 2835 434 2902; x_wconf 81' lang='lat' dir='ltr'><strong>f.</strong></span> <span class='ocrx_word' id='word_1_222' title='bbox 451 2841 529 2890; x_wconf 72' lang='lat'>104⁸:</span> <span class='ocrx_word' id='word_1_223' title='bbox 548 2836 693 2905; x_wconf 70' lang='lat' dir='ltr'><strong>quiscum</strong></span> <span class='ocrx_word' id='word_1_224' title='bbox 710 2834 815 2891; x_wconf 84' lang='lat' dir='ltr'><strong>biberit</strong></span> <span class='ocrx_word' id='word_1_225' title='bbox 828 2852 894 2891; x_wconf 87' lang='lat' dir='ltr'><strong>mox</strong></span> <span class='ocrx_word' id='word_1_226' title='bbox 908 2838 1029 2895; x_wconf 84' lang='lat' dir='ltr'><strong>decurrit</strong></span> <span class='ocrx_word' id='word_1_227' title='bbox 1040 2828 1097 2891; x_wconf 74' lang='lat' dir='ltr'><strong>deut</strong></span> 
     </span>
     <span class='ocr_line' id='line_1_32' title="bbox 100 2906 1140 2979; baseline 0.003 -15"><span class='ocrx_word' id='word_1_228' title='bbox 100 2909 231 2978; x_wconf 81' lang='lat' dir='ltr'><strong>potatum</strong></span> <span class='ocrx_word' id='word_1_229' title='bbox 253 2906 309 2961; x_wconf 87' lang='lat' dir='ltr'><strong>fuit</strong></span> <span class='ocrx_word' id='word_1_230' title='bbox 329 2922 380 2976; x_wconf 89' lang='lat' dir='ltr'><strong>per</strong></span> <span class='ocrx_word' id='word_1_231' title='bbox 400 2906 523 2961; x_wconf 84' lang='lat' dir='ltr'><strong>vesicam</strong></span> <span class='ocrx_word' id='word_1_232' title='bbox 548 2909 577 2962; x_wconf 88' lang='lat' dir='ltr'><strong>et</strong></span> <span class='ocrx_word' id='word_1_233' title='bbox 598 2907 746 2976; x_wconf 79' lang='lat' dir='ltr'><strong>ventrem).</strong></span> <span class='ocrx_word' id='word_1_234' title='bbox 856 2915 889 2962; x_wconf 93' lang='grc'><strong>12</strong></span> <span class='ocrx_word' id='word_1_235' title='bbox 908 2928 960 2979; x_wconf 84' lang='lat' dir='ltr'><strong>per</strong></span> <span class='ocrx_word' id='word_1_236' title='bbox 976 2906 1064 2966; x_wconf 77' lang='lat' dir='ltr'><strong>inania</strong></span> <span class='ocrx_word' id='word_1_237' title='bbox 1076 2916 1096 2956; x_wconf 75' lang='lat'><strong>0¹</strong></span> <span class='ocrx_word' id='word_1_238' title='bbox 1138 2930 1140 2937; x_wconf 93' lang='lat'>·</span> 
     </span>
     <span class='ocr_line' id='line_1_33' title="bbox 100 2977 1096 3049; baseline 0.001 -17"><span class='ocrx_word' id='word_1_239' title='bbox 100 2985 217 3049; x_wconf 69' lang='lat' dir='ltr'><strong>pinam-it</strong></span> <span class='ocrx_word' id='word_1_240' title='bbox 238 2979 302 3047; x_wconf 79' lang='lat' dir='ltr'><strong>(sic)</strong></span> <span class='ocrx_word' id='word_1_241' title='bbox 326 2994 356 3046; x_wconf 82' lang='lat' dir='ltr'><strong>p.</strong></span> <span class='ocrx_word' id='word_1_242' title='bbox 467 2983 500 3032; x_wconf 81' lang='lat'><strong>15</strong></span> <span class='ocrx_word' id='word_1_243' title='bbox 523 2977 565 3048; x_wconf 81' lang='lat' dir='ltr'><strong>i(y</strong></span> <span class='ocrx_word' id='word_1_244' title='bbox 574 2978 751 3049; x_wconf 82' lang='lat' dir='ltr'><strong>p)dropismo</strong></span> <span class='ocrx_word' id='word_1_245' title='bbox 773 2994 815 3048; x_wconf 74' lang='lat' dir='ltr'><strong>cp.</strong></span> <span class='ocrx_word' id='word_1_246' title='bbox 925 2980 1060 3038; x_wconf 80' lang='lat' dir='ltr'><strong>ascribunt</strong></span> <span class='ocrx_word' id='word_1_247' title='bbox 1079 2986 1096 3026; x_wconf 72' lang='lat' dir='ltr'><strong>t</strong></span> 
     </span>
     <span class='ocr_line' id='line_1_34' title="bbox 101 3048 1096 3124; baseline 0.001 -20"><span class='ocrx_word' id='word_1_248' title='bbox 101 3049 234 3118; x_wconf 85' lang='lat' dir='ltr'><strong>quoniam</strong></span> <span class='ocrx_word' id='word_1_249' title='bbox 247 3049 316 3119; x_wconf 71' lang='lat' dir='ltr'><strong>(qm)</strong></span> <span class='ocrx_word' id='word_1_250' title='bbox 330 3066 357 3105; x_wconf 85' lang='lat' dir='ltr'><strong>c:</strong></span> <span class='ocrx_word' id='word_1_251' title='bbox 373 3048 517 3118; x_wconf 83' lang='lat' dir='ltr'><strong>Siquidem</strong></span> <span class='ocrx_word' id='word_1_252' title='bbox 531 3066 561 3119; x_wconf 85' lang='lat' dir='ltr'><strong>p.</strong></span> <span class='ocrx_word' id='word_1_253' title='bbox 628 3055 660 3104; x_wconf 84' lang='lat' dir='ltr'><strong>tc</strong></span> <span class='ocrx_word' id='word_1_254' title='bbox 674 3051 704 3104; x_wconf 91' lang='lat' dir='ltr'><strong>et</strong></span> <span class='ocrx_word' id='word_1_255' title='bbox 719 3052 794 3119; x_wconf 79' lang='lat' dir='ltr'><strong>(oute</strong></span> <span class='ocrx_word' id='word_1_256' title='bbox 801 3051 858 3120; x_wconf 77' lang='lat' dir='ltr'><strong>aq.)</strong></span> <span class='ocrx_word' id='word_1_257' title='bbox 867 3067 920 3108; x_wconf 80' lang='lat' dir='ltr'><strong>ma.</strong></span> <span class='ocrx_word' id='word_1_258' title='bbox 932 3071 961 3124; x_wconf 82' lang='lat' dir='ltr'><strong>p.</strong></span> <span class='ocrx_word' id='word_1_259' title='bbox 1022 3049 1096 3107; x_wconf 72' lang='lat' dir='ltr'><strong>oeten·</strong></span> 
     </span>
     <span class='ocr_line' id='line_1_35' title="bbox 101 3119 1095 3190; baseline 0.01 -17"><span class='ocrx_word' id='word_1_260' title='bbox 101 3122 172 3175; x_wconf 90' lang='lat' dir='ltr'><strong>dunt</strong></span> <span class='ocrx_word' id='word_1_261' title='bbox 185 3137 227 3189; x_wconf 80' lang='lat' dir='ltr'><strong>cp.</strong></span> <span class='ocrx_word' id='word_1_262' title='bbox 292 3127 324 3176; x_wconf 74' lang='lat'><strong>17</strong></span> <span class='ocrx_word' id='word_1_263' title='bbox 340 3119 486 3190; x_wconf 76' lang='lat' dir='ltr'><strong>Contingit</strong></span> <span class='ocrx_word' id='word_1_264' title='bbox 496 3136 530 3190; x_wconf 83' lang='lat' dir='ltr'><strong>p:</strong></span> <span class='ocrx_word' id='word_1_265' title='bbox 544 3120 611 3176; x_wconf 85' lang='lat' dir='ltr'><strong>Exit</strong></span> <span class='ocrx_word' id='word_1_266' title='bbox 624 3136 647 3175; x_wconf 91' lang='grc' dir='ltr'><strong>σ.</strong></span> <span class='ocrx_word' id='word_1_267' title='bbox 713 3126 745 3176; x_wconf 85' lang='grc'><strong>18</strong></span> <span class='ocrx_word' id='word_1_268' title='bbox 759 3121 912 3190; x_wconf 72' lang='lat' dir='ltr'><strong>aliquando</strong></span> <span class='ocrx_word' id='word_1_269' title='bbox 927 3141 992 3181; x_wconf 87' lang='lat' dir='ltr'><strong>cum</strong></span> <span class='ocrx_word' id='word_1_270' title='bbox 1005 3140 1029 3178; x_wconf 79' lang='lat' dir='ltr'><strong>c:</strong></span> <span class='ocrx_word' id='word_1_271' title='bbox 1042 3119 1095 3183; x_wconf 76' lang='lat' dir='ltr'><strong>eti·</strong></span> 
     </span>
     <span class='ocr_line' id='line_1_36' title="bbox 103 3191 1140 3265; baseline 0.007 -20"><span class='ocrx_word' id='word_1_272' title='bbox 103 3197 136 3246; x_wconf 83' lang='grc'><strong>19</strong></span> <span class='ocrx_word' id='word_1_273' title='bbox 150 3191 311 3248; x_wconf 80' lang='lat' dir='ltr'><strong>adtestante</strong></span> <span class='ocrx_word' id='word_1_274' title='bbox 319 3209 343 3262; x_wconf 77' lang='lat' dir='ltr'><strong>p</strong></span> <span class='ocrx_word' id='word_1_275' title='bbox 358 3193 447 3260; x_wconf 70' lang='grc'><strong>(211·-</strong></span> <span class='ocrx_word' id='word_1_276' title='bbox 462 3193 495 3259; x_wconf 85' lang='grc' dir='ltr'><strong>σ).</strong></span> <span class='ocrx_word' id='word_1_277' title='bbox 581 3191 689 3246; x_wconf 88' lang='lat' dir='ltr'><strong>renium</strong></span> <span class='ocrx_word' id='word_1_278' title='bbox 708 3209 734 3261; x_wconf 88' lang='lat' dir='ltr'><strong>c,</strong></span> <span class='ocrx_word' id='word_1_279' title='bbox 753 3209 850 3248; x_wconf 87' lang='lat' dir='ltr'><strong>renum</strong></span> <span class='ocrx_word' id='word_1_280' title='bbox 862 3211 894 3265; x_wconf 78' lang='lat' dir='ltr'><strong>p.</strong></span> <span class='ocrx_word' id='word_1_281' title='bbox 968 3195 1140 3259; x_wconf 71' lang='lat' dir='ltr'><strong>iliorunl?</strong></span> 
     </span>
     <span class='ocr_line' id='line_1_37' title="bbox 101 3254 1140 3337; baseline 0.007 -20"><span class='ocrx_word' id='word_1_282' title='bbox 101 3262 175 3329; x_wconf 74' lang='lat' dir='ltr'><strong>(rlln&#39;x</strong></span> <span class='ocrx_word' id='word_1_283' title='bbox 198 3264 231 3330; x_wconf 86' lang='lat' dir='ltr'><strong>c).</strong></span> <span class='ocrx_word' id='word_1_284' title='bbox 322 3269 357 3319; x_wconf 86' lang='grc'><strong>21)</strong></span> <span class='ocrx_word' id='word_1_285' title='bbox 374 3265 518 3334; x_wconf 57' lang='lat' dir='ltr'><strong>irruptoee</strong></span> <span class='ocrx_word' id='word_1_286' title='bbox 541 3262 576 3332; x_wconf 89' lang='lat' dir='ltr'><strong>(ir</strong></span> <span class='ocrx_word' id='word_1_287' title='bbox 594 3263 644 3318; x_wconf 85' lang='lat' dir='ltr'><strong>del.</strong></span> <span class='ocrx_word' id='word_1_288' title='bbox 663 3266 744 3334; x_wconf 83' lang='lat' dir='ltr'><strong>corr.)</strong></span> <span class='ocrx_word' id='word_1_289' title='bbox 758 3281 789 3334; x_wconf 76' lang='lat' dir='ltr'><strong>p.</strong></span> <span class='ocrx_word' id='word_1_290' title='bbox 880 3283 953 3323; x_wconf 81' lang='lat' dir='ltr'><strong>vene</strong></span> <span class='ocrx_word' id='word_1_291' title='bbox 978 3254 1140 3337; x_wconf 64' lang='lat' dir='ltr'><strong>significet:</strong></span> 
     </span>
     <span class='ocr_line' id='line_1_38' title="bbox 102 3333 1140 3414; baseline 0.008 -26"><span class='ocrx_word' id='word_1_292' title='bbox 102 3336 151 3388; x_wconf 87' lang='lat' dir='ltr'><strong>aut</strong></span> <span class='ocrx_word' id='word_1_293' title='bbox 164 3349 196 3403; x_wconf 86' lang='lat' dir='ltr'><strong>p.</strong></span> <span class='ocrx_word' id='word_1_294' title='bbox 296 3339 330 3388; x_wconf 90' lang='grc'><strong>21</strong></span> <span class='ocrx_word' id='word_1_295' title='bbox 350 3335 410 3404; x_wconf 82' lang='lat' dir='ltr'><strong>ipse</strong></span> <span class='ocrx_word' id='word_1_296' title='bbox 428 3350 455 3401; x_wconf 85' lang='grc' dir='ltr'><strong>σ,</strong></span> <span class='ocrx_word' id='word_1_297' title='bbox 474 3333 561 3404; x_wconf 83' lang='lat' dir='ltr'><strong>ipsius</strong></span> <span class='ocrx_word' id='word_1_298' title='bbox 579 3351 649 3414; x_wconf 71' lang='lat' dir='ltr'><strong>uene</strong></span> <span class='ocrx_word' id='word_1_299' title='bbox 665 3351 694 3404; x_wconf 86' lang='lat' dir='ltr'><strong>p.</strong></span> <span class='ocrx_word' id='word_1_300' title='bbox 771 3335 912 3392; x_wconf 86' lang='lat' dir='ltr'><strong>resciccm</strong></span> <span class='ocrx_word' id='word_1_301' title='bbox 930 3354 958 3405; x_wconf 88' lang='lat' dir='ltr'><strong>c,</strong></span> <span class='ocrx_word' id='word_1_302' title='bbox 977 3334 1140 3395; x_wconf 74' lang='lat' dir='ltr'><strong>venor:</strong></span> 
     </span>
    </p>
   </div>
   <div class='ocr_carea' id='block_1_4' title="bbox 102 3413 1011 3496">
    <p class='ocr_par' dir='ltr' id='par_1_5' title="bbox 102 3413 1011 3496">
     <span class='ocr_line' id='line_1_39' title="bbox 102 3413 1011 3496; baseline 0.006 -21"><span class='ocrx_word' id='word_1_303' title='bbox 102 3428 135 3476; x_wconf 88' lang='grc'><strong>22</strong></span> <span class='ocrx_word' id='word_1_304' title='bbox 151 3423 257 3491; x_wconf 64' lang='lat' dir='ltr'><strong>puelli:</strong></span> <span class='ocrx_word' id='word_1_305' title='bbox 276 3413 319 3492; x_wconf 59' lang='lat' dir='ltr'><strong>md</strong></span> <span class='ocrx_word' id='word_1_306' title='bbox 329 3439 362 3492; x_wconf 76' lang='lat' dir='ltr'><strong>p.</strong></span> <span class='ocrx_word' id='word_1_307' title='bbox 438 3439 546 3493; x_wconf 83' lang='lat' dir='ltr'><strong>qua-</strong></span> <span class='ocrx_word' id='word_1_308' title='bbox 567 3422 904 3496; x_wconf 70' lang='lat' dir='ltr'><strong>(p.117‚2lpctiuuton</strong></span> <span class='ocrx_word' id='word_1_309' title='bbox 921 3441 973 3482; x_wconf 81' lang='lat' dir='ltr'><strong>out.</strong></span> <span class='ocrx_word' id='word_1_310' title='bbox 991 3441 1011 3482; x_wconf 85' lang='lat' dir='ltr'><strong>c.</strong></span> 
     </span>
    </p>
   </div>
   <div class='ocr_carea' id='block_1_5' title="bbox 0 0 1164 3788">
    <p class='ocr_par' dir='ltr' id='par_1_6' title="bbox 0 0 1164 3788">
     <span class='ocr_line' id='line_1_40' title="bbox 0 0 1164 3788; baseline 0 0"><span class='ocrx_word' id='word_1_311' title='bbox 0 0 1164 3788; x_wconf 95' lang='lat' dir='ltr'><strong> </strong></span> 
     </span>
    </p>
   </div>
  </div>
 </body>
</html>
