2318 3788
457 153 676 236 „154

88 329 176 375 morem
209 317 389 398 exprimere,
419 324 450 377 et
483 317 527 376 sic
560 316 809 378 medicamentum
842 337 932 398 supra
964 319 1076 381 dictum

87 398 159 464 linire.

341 527 414 589 Vlll.
452 529 500 590 rid
524 528 680 590 maculas
704 529 809 590 albas.

152 651 278 713 llaeulas
291 652 371 714 albas
381 653 487 714 Graeci
501 653 606 734 alphus
620 653 721 716 leucas
734 661 922 716 vocaverunt.
949 673 1076 716 nascun-

85 743 122 797 tur
139 739 291 820 aliquando
314 744 345 802 in
368 741 451 804 vultu
474 742 631 822 aliquando
654 745 686 802 in
709 751 772 804 toto
797 762 922 823 corpore
946 763 982 804 ex
1005 744 1103 824 fleg-5

84 829 168 888 matico
191 832 280 890 nimis
303 833 365 891 acri
387 831 433 890 rel
456 831 533 891 salso
556 831 690 892 humore.

152 937 222 997 quas
242 919 362 998 quidem
384 922 427 979 sic
449 919 590 999 probabis
609 923 635 980 si
654 939 690 980 ex
712 928 797 1000 parte
816 923 916 981 curari
933 928 1077 1000 poterunt

81 1011 119 1064 aut
145 1016 224 1068 certe
258 1009 377 1068 omnino
410 1008 590 1069 incurabiles
627 1009 834 1070 ostenduntur.
887 1010 1076 1088 superficiem

80 1096 152 1176 rutis,
177 1095 208 1156 id
232 1104 279 1156 est
300 1096 446 1158 maculam
470 1097 624 1158 candidam
647 1116 702 1158 acu
726 1098 771 1158 vel
799 1105 885 1158 acuto
916 1097 1075 1159 flebotomo

78 1182 209 1244 modicum
241 1203 357 1264 punges
389 1193 423 1246 ut
454 1204 514 1246 non
548 1188 635 1246 nimis
661 1197 815 1268 penetres
848 1196 878 1248 et
906 1188 931 1247 si
961 1187 1074 1248 lacteus
1090 1202 1116 1242 ιο

75 1266 167 1332 humor
193 1273 286 1334 luerit
313 1273 467 1354 exclusuS‚
500 1277 620 1335 omnino
649 1275 821 1335 incurabilis
845 1275 1073 1336 demonstratur.

75 1361 94 1419 si
109 1379 173 1421 vero
196 1380 252 1440 pro
272 1361 397 1423 humore
417 1365 537 1439 sanguis
560 1365 679 1444 exierit,
703 1371 840 1441 exparte
860 1365 959 1423 curari
978 1371 1075 1424 oston-

73 1446 149 1512 ditur.
189 1458 350 1530 propterea
377 1459 495 1532 oportet
522 1452 737 1531 llegmagogum
766 1453 973 1530 purgatorium
1005 1451 1076 1512 darc

71 1538 139 1616 quod
157 1538 268 1600 dicitur
287 1539 451 1602 elaterium.
488 1542 644 1601 coniicitur
664 1541 715 1600 sic.
752 1542 880 1620 accipies
900 1559 1076 1601 cucumeres

68 1644 176 1702 amaros
206 1636 340 1706 agrestes
372 1637 505 1690 maturos
537 1638 568 1690 ct
602 1628 716 1689 secabis
749 1638 780 1690 et
810 1631 841 1689 in
869 1648 919 1689 vas
949 1647 1075 1690 aeneum
1090 1645 1116 1686 15

65 1717 167 1777 mittes.
206 1717 262 1777 alia
285 1716 332 1777 die
356 1735 445 1778 manu
469 1720 618 1797 exprimes
641 1727 671 1778 et
693 1719 793 1796 ipsum
811 1736 918 1778 sucum
937 1717 993 1778 sub
1017 1718 1075 1778 ier·

64 1808 139 1865 renti
170 1805 232 1866 sole
266 1805 405 1887 siccabiS,
437 1813 468 1867 et
499 1814 656 1885 postquam
689 1808 817 1867 siccatus
850 1808 954 1887 inerit,
986 1806 1076 1867 addes

10 1962 12 1967 ,
60 1895 167 1955 iterum
190 1912 226 1955 ex
250 1897 315 1973 ipso
339 1913 411 1955 suco
435 1895 585 1956 modicum
609 1903 643 1955 ut
665 1893 741 1956 bene
766 1902 937 1956 crassescat.
977 1903 1007 1955 et
1030 1894 1075 1954 fac

59 1984 202 2044 trociscos
226 1982 436 2044 drachmarum
459 1983 657 2064 singularum,
681 2002 717 2043 ex
741 1983 850 2061 quibus
874 1982 957 2043 dabis
982 2002 1075 2044 unum

59 2090 127 2133 cum
154 2071 249 2133 mulsa
277 2073 386 2132 ieiuno.
428 2071 484 2132 hoc
515 2071 656 2151 purgabis
683 2071 840 2131 humorem
872 2070 1013 2156 frigidum
1044 2070 1074 2130 id
1089 2087 1116 2126 ro

58 2169 102 2222 cst
130 2159 343 2240 flegmaticum,
375 2162 501 2221 maxime
532 2179 547 2220 a
575 2162 669 2240 capite
698 2159 744 2219 vel
777 2178 793 2220 a
824 2158 918 2220 iundo
949 2158 1075 2233 cerebri,

57 2249 138 2310 unde
166 2251 263 2310 omnis
294 2251 458 2310 nervositas
488 2249 665 2310 infunditur.
711 2256 741 2309 et
768 2256 836 2328 post
866 2251 1074 2329 purgationem

129 2427 144 2474 1
159 2419 367 2474 medicamento
383 2462 389 2474 .
405 2461 411 2474 .
429 2420 558 2489 ,diotop
573 2419 670 2488 (Petu,
684 2421 733 2474 ubi
746 2418 871 2487 illinire).
944 2425 961 2472 4
975 2419 1076 2488 alphus

55 2492 208 2562 c(alphas
228 2491 328 2558 Petr.):
352 2490 424 2545 alfos
443 2508 474 2560 p.
584 2491 663 2545 orel
683 2490 766 2544 nimis
786 2490 861 2544 Petr.
969 2506 1034 2543 aero
1053 2505 1074 2544 c.

56 2571 71 2619 1
85 2561 215 2633 poterint
223 2578 255 2632 p,
270 2563 423 2631 potuerunt
436 2579 458 2616 c.
531 2568 547 2617 8
567 2565 618 2616 aut
632 2565 719 2616 certe:
738 2562 778 2615 sic
787 2577 825 2629 pc
839 2563 867 2630 (t.
879 2562 929 2614 aut
942 2563 1074 2629 contrat).

54 2633 181 2689 ostendit
199 2632 361 2702 superficies
376 2633 448 2687 eutis
458 2649 496 2702 pe
510 2633 619 2702 (Prin).
692 2638 708 2686 9
727 2630 758 2685 id
776 2635 831 2686 est:
850 2631 926 2685 idern
941 2648 963 2696 c,
982 2648 1033 2686 om.
1043 2648 1074 2700 p.

54 2705 168 2760 macula
192 2703 312 2759 candida
334 2720 349 2758 c
371 2704 416 2772 (cf.
438 2704 538 2772 Petr.),
566 2703 692 2758 maculas
715 2702 795 2757 albas
818 2704 864 2757 vel
887 2701 1020 2757 candidas
1044 2719 1074 2771 p.

56 2783 89 2832 10
107 2772 224 2830 modicia
242 2792 268 2829 c:
289 2791 357 2829 -co
372 2792 402 2844 p.
493 2777 523 2830 et
541 2791 597 2829 non
616 2775 708 2830 minus
725 2793 752 2844 p.
773 2791 794 2828 c.
886 2777 963 2842 etp:
985 2774 1034 2828 sed
1053 2790 1075 2827 c.

55 2854 87 2902 11
108 2845 278 2901 incurabiles
304 2845 575 2901 demonstrantur.
668 2852 700 2900 12
721 2844 905 2900 ostenduntur
920 2861 949 2912 p.
1042 2849 1076 2896 14

55 2916 221 2974 electarium
235 2933 268 2986 p,
287 2914 397 2971 darium
416 2917 476 2986 (ric)
496 2933 510 2972 c
527 2864 688 2986 (ἕατήριον
706 2933 756 2971 ccc.
776 2916 839 2971 Gai.
854 2915 931 2995 XlI,
954 2920 1014 2970 122
1038 2919 1076 2968 est

53 3005 138 3044 cocus
160 2989 269 3057 fructus
292 2989 442 3042 cucumeris
470 2989 603 3058 agentis).
696 2993 728 3041 15
753 2989 782 3042 et
804 2986 912 3041 secabrs
935 2987 979 3055 (cf.
999 2985 1076 3040 Puu.

54 3066 100 3124 20,
119 3059 161 3128 3):
181 3061 211 3113 et
229 3057 358 3128 stipticus
372 3075 403 3128 p,
423 3060 452 3113 et
470 3059 589 3114 siccatos
607 3076 622 3113 c
640 3056 783 3127 (exeitalla
801 3059 894 3127 Petu).
978 3063 1012 3110 16
1031 3074 1076 3112 ex-

53 3128 156 3201 primis
168 3147 199 3200 p.
290 3130 342 3184 sub
360 3147 386 3184 c:
406 3145 495 3199 onup
514 3130 561 3199 (ad
580 3130 668 3184 solem
688 3130 784 3199 Petu).
876 3135 908 3183 17
928 3128 1035 3183 siccatis
1053 3145 1075 3196 c,

54 3219 147 3275 siccat
170 3236 199 3288 p.
291 3224 323 3272 19
350 3218 531 3288 dragmarum
559 3221 600 3288 (ut
626 3234 729 3287 semper
756 3223 781 3272 et
805 3220 832 3287 p)
857 3233 898 3285 cp.
989 3236 1076 3272 unum

53 3290 171 3361 (Perat
190 3289 220 3346 .Ι.
233 3306 278 3360 pc.
388 3295 422 3343 20
442 3306 505 3343 curn
524 3306 574 3344 orn.
590 3306 611 3343 e.
702 3288 795 3344 ieiuno
815 3288 927 3358 (Patr.):
945 3308 1034 3344 -nus
1053 3305 1076 3357 c,

53 3359 138 3415 -nis
153 3377 182 3428 ρ.
257 3359 274 3432 ij
292 3361 426 3430 purgabit
440 3378 475 3430 p:
495 3361 683 3432 depurgatum
702 3360 813 3430 (hu-orel
828 3377 854 3414 c.
940 3359 1090 3426 {sigium

54 3449 70 3487 c
90 3431 204 3500 (Patr.):
222 3448 270 3488 om.
283 3449 316 3503 p.
389 3431 419 3487 id
439 3434 495 3489 ost:
515 3431 542 3491 .i.
562 3451 592 3506 p,
609 3431 692 3492 idem
710 3434 776 3504 isici
794 3449 809 3487 c
827 3431 909 3501 liutem
925 3445 958 3494 a.
974 3432 1029 3488 10,
1044 3424 1092 3483 ‘ab
