2318 3788
439 201 686 266 -171—

47 345 164 408 thoraci
188 353 219 407 et
241 345 439 427 praecordiis,
467 348 498 406 in
526 345 644 407 leminis
667 364 738 406 vero
763 354 793 408 et
818 345 988 426 pubetenus
1013 346 1069 408 sub

47 434 190 496 umbilico
220 443 251 496 et
277 434 458 514 inguinibus.
487 443 569 515 post
595 434 669 496 baec
697 434 863 497 cucurbitis
886 453 956 497 cum
979 439 1069 497 scari-

47 523 160 586 iatione
179 526 226 585 uti
244 532 364 603 oportet
385 525 417 584 in
435 532 563 603 utraque
582 525 688 603 capitis
707 533 791 604 parte
815 527 897 585 iuxta
920 524 1069 585 auriculas

47 614 78 673 in
105 615 181 695 ipsis
209 615 364 674 arteriosis
392 611 479 695 locis,
508 612 665 691 aliquando
696 620 726 673 et
753 630 859 675 venam
885 613 1013 675 mediam
1043 615 1070 673 si

46 705 199 763 extantior
221 703 394 781 apparuerit
421 703 453 762 in
480 701 579 762 fronte
609 701 737 782 incides,
766 710 796 762 et
822 710 891 782 post
913 701 955 762 lll
977 701 1023 762 vel
1046 700 1097 759 Vs

46 789 244 853 detractionis
275 790 339 851 dies
372 792 518 870 ptarmico
546 789 777 873 medicamento,
808 792 839 852 id
873 800 919 852 est
952 800 1069 853 sternu-

47 881 174 962 tatorio,
198 898 286 940 nares
305 881 384 940 sicut
402 881 433 940 in
451 879 624 959 lethargicis
646 879 927 960 apossegmatizabis‚
950 888 980 941 et
1002 887 1071 960 post

46 966 113 1029 dios
140 969 184 1029 lll
211 968 462 1048 apossegmatismo
491 967 609 1048 expleto
637 970 746 1029 ieiunis
776 987 812 1028 ex
840 968 991 1029 radicibus
1021 987 1070 1028 vo·

47 1059 156 1119 mitum
184 1057 375 1139 provocabis,
403 1066 434 1118 et
457 1056 531 1118 cibis
559 1059 697 1138 inprimis
721 1059 847 1118 triticeis
872 1067 902 1118 et
924 1056 1070 1118 bolerosis

47 1149 180 1222 nutries,
208 1165 277 1207 narn
305 1145 410 1207 Graeci
438 1146 542 1207 sitodis
570 1164 605 1207 ce
632 1145 803 1207 lachanodis
826 1147 943 1226 dicunt,
973 1148 1070 1206 novis·
1085 1161 1111 1200 ro

48 1236 125 1296 simo
153 1253 225 1296 vcro
253 1237 351 1296 variis.
393 1234 612 1296 observandum
640 1244 740 1311 autem
768 1254 784 1295 a
812 1234 953 1296 carnibus
976 1235 1071 1294 suinis

48 1332 79 1385 et
110 1323 265 1386 bubulinis
294 1342 327 1385 ac
356 1326 487 1404 caprinis
521 1332 552 1385 et
579 1342 595 1384 a
627 1322 828 1404 leguminibus
860 1324 1008 1384 universis
1041 1329 1072 1382 et

47 1430 66 1474 a
87 1416 158 1474 rino
183 1421 213 1474 et
235 1412 360 1474 lavacris
383 1431 479 1492 usque
504 1411 540 1473 ad
564 1431 684 1474 menses
708 1411 753 1473 Vl.

139 1503 289 1563 trociscus
307 1497 532 1582 <conveniens>
551 1503 761 1582 scotomaticis‚
787 1499 818 1561 id
837 1508 883 1562 est
901 1502 954 1579 qui
972 1498 1071 1560 subito

48 1599 118 1652 ante
150 1590 253 1652 oculos
281 1589 421 1651 tenebras
451 1592 620 1671 patiuntur,
650 1597 681 1651 et
709 1591 816 1670 spiritu
844 1589 953 1650 inflatis
981 1588 1071 1668 epile-
1087 1604 1111 1644 15

47 1682 147 1760 pticis.
191 1681 298 1758 recipit
322 1685 421 1740 alitem
445 1679 485 1739 fel
507 1679 632 1761 leporis,
661 1682 801 1760 castorei,
829 1681 906 1740 turis
938 1676 1072 1759 masculi,
1108 1748 1110 1755 Ι

49 1786 185 1850 murrae,
209 1769 342 1828 omnium
365 1767 406 1828 ΙΙΙ
430 1765 467 1828 dr
490 1767 635 1847 singulas,
658 1768 802 1829 mustelae
826 1769 936 1828 iecoris
960 1765 1071 1833 sicci3

47 1856 103 1940 111,
132 1859 209 1920 aceti
238 1864 355 1936 cyatum
382 1856 405 1917 l.
447 1857 588 1917 conficies
616 1864 647 1917 et
674 1858 764 1917 iacies
792 1857 938 1916 trociscos
967 1854 1072 1914 drach·

48 1946 143 2008 males
171 1955 202 2008 et
230 1944 313 2006 dabis
342 1963 410 2006 cum
437 1963 525 2025 passo
557 1952 609 2006 aut
636 1962 705 2005 cum
733 1944 827 2006 mulsa
855 1963 910 2023 per
932 1943 997 2004 dies
1020 1942 1072 2002 Vll

47 2045 101 2099 aut
124 2035 213 2097 Vllll.
1086 2050 1112 2088 no

123 2214 138 2261 1
158 2207 254 2262 torace
273 2223 300 2274 c,
319 2206 436 2260 thorace
450 2221 481 2275 p.
555 2211 571 2260 2
592 2205 621 2260 et
638 2202 801 2274 inguinibus
820 2220 847 2260 c:
873 2202 1073 2274 inguinibusp

50 2281 92 2347 (et
109 2278 141 2333 iu
158 2277 321 2348 inguinibus
335 2278 391 2346 φῦ).
503 2274 662 2332 cucurbitas
681 2291 707 2343 c,
731 2277 827 2330 —tom
848 2292 878 2345 p.
988 2276 1073 2330 scari-

49 2349 182 2405 ficatione
201 2365 242 2418 op.
315 2354 331 2402 3
350 2351 500 2416 utrumque
515 2365 538 2402 c.
557 2349 667 2431 purtem
685 2363 716 2414 c,
739 2347 871 2415 utrosque
891 2363 914 2400 e.
934 2349 1027 2416 partes
1041 2363 1072 2414 p.

49 2426 68 2474 4
86 2423 118 2476 et
135 2437 163 2476 e:
182 2420 269 2476 etium
283 2436 314 2488 p.
397 2435 469 2473 vena
489 2419 584 2474 medin
603 2417 628 2473 ei
646 2416 704 2489 <ox>
716 2415 893 2488 p⁰>stuntior
911 2417 1074 2487 apparuerit

50 2491 81 2547 in
98 2491 194 2547 fronte
208 2508 244 2560 p,
263 2506 337 2546 vena
355 2489 450 2545 medin
465 2507 480 2554 z
495 2489 597 2545 ant'1or
614 2496 627 2543 i
644 2489 736 2544 fronte
755 2505 776 2544 o.
850 2487 919 2558 spi
936 2490 976 2543 ΠΙ
994 2489 1032 2543 ul'
1048 2489 1074 2543 V

51 2596 236 2653 detractionis
256 2597 378 2652 obtmico
398 2613 424 2666 c,
449 2597 515 2666 post
541 2595 658 2651 tortium
676 2595 723 2651 vel
741 2598 872 2664 quartum
891 2593 1074 2650 detractionis

51 2668 128 2724 diem
147 2668 303 2738 optarmico
317 2686 348 2738 p.
447 2674 462 2722 'l
481 2684 499 2721 a
520 2665 742 2738 oflegmaticabis
761 2667 827 2736 (pto
846 2665 933 2749 pubis)
953 2684 981 2736 c,
1008 2681 1074 2736 upo-

50 2739 180 2811 flegmati
202 2739 283 2794 dubis
307 2745 373 2810 (pro
398 2770 431 2780 —
457 2686 557 2808 diubis)
577 2755 608 2808 p.
717 2737 868 2792 tolerosrs
889 2754 930 2807 cp.
1041 2743 1074 2790 10

52 2813 145 2866 nutris
164 2827 206 2880 cp.
280 2811 325 2866 Ne
340 2827 366 2867 c:
386 2811 462 2880 quod
472 2827 502 2880 p.
577 2808 676 2864 situdis
692 2808 868 2864 celaconodis
883 2825 916 2877 cp
935 2804 1075 2878 (σιτώδεις

51 2883 100 2936 nul
118 2877 313 2951 λαχανῶὃεις).
387 2882 484 2937 dicunt
502 2897 528 2936 c:
547 2882 651 2936 vocant
664 2897 696 2950 p.
777 2880 936 2935 Novissime
956 2911 990 2920 -
1008 2878 1072 2950 vll

51 2955 117 3022 eff,
137 2957 190 3008 ooo
207 2958 302 3021 estro:
326 2969 415 3022 amp
437 2953 485 3020 (ef.
507 2951 536 3006 u.
556 2953 591 3006 Α.
607 2967 637 3020 p.
653 2957 720 3008 eos.
757 2951 819 3008 Gai.
841 2951 906 3016 xi,
929 2955 986 3007 372
1005 2955 1074 3019 eto).

52 3030 86 3078 11
106 3025 216 3079 eutem:
236 3027 286 3078 unt
304 3041 325 3079 e.
421 3023 508 3079 suinis
527 3025 574 3094 (?):
598 3022 728 3088 {uboms
748 3039 770 3078 c.
862 3028 895 3076 12
917 3024 946 3076 et
965 3024 1075 3092 (antea

52 3095 122 3166 leg.)
139 3112 189 3151 om.
209 3113 231 3150 e.
306 3102 339 3150 13
359 3097 388 3151 et
406 3111 455 3152 om.
479 3112 500 3151 c.
576 3100 610 3149 14
624 3093 790 3149 conveniens
805 3094 911 3149 addidi.
985 3094 1075 3147 scoto·

53 3167 161 3222 maticu
176 3183 198 3235 e,
213 3166 339 3222 scotdtrc'
349 3183 380 3236 p.
453 3166 471 3220 i.
487 3166 536 3235 qui
550 3183 577 3220 c:
596 3167 614 3220 i.
629 3166 660 3220 in
674 3182 730 3235 quo
746 3182 776 3235 p.
851 3169 884 3218 15
899 3163 1036 3219 inflamati
1052 3180 1074 3234 c,

51 3239 199 3313 infl'emdb
213 3275 244 3327 p.
318 3254 476 3325 epilenticis
489 3258 534 3322 (ut
546 3259 660 3325 suuper)
674 3272 716 3324 cp.
782 3261 814 3309 16
829 3257 856 3322 Β(
870 3271 910 3324 cp.
979 3255 1076 3310 autem

52 3343 104 3385 oon.
119 3346 150 3398 p.
244 3334 276 3384 17
296 3332 353 3383 oni
372 3325 428 3381 .ΙΙΙ.
448 3320 481 3381 di
508 3325 621 3403 imgl'us
639 3342 666 3380 c:
690 3330 734 3380 an.
753 3329 779 3388 3.
798 3326 865 3395 ip.
957 3332 990 3381 18
1010 3342 1075 3381 eon-

55 3398 116 3454 ficie
135 3401 164 3456 et
182 3398 251 3454 facis
270 3399 326 3468 (loc
345 3401 371 3468 e)
390 3414 432 3468 op.
527 3397 687 3468 dragmules
705 3414 739 3468 cp
758 3397 837 3463 (item
852 3395 962 3461 tutent,
1049 3399 1089 3442 ue

56 3472 107 3526 aut
125 3474 202 3540 (poet
217 3471 307 3541 debis)
327 3471 392 3528 add.
406 3486 438 3542 p.
830 3487 831 3490 ’
