<?xml version="1.0" encoding="UTF-8"?>
<!DOCTYPE html PUBLIC "-//W3C//DTD XHTML 1.0 Transitional//EN"
    "http://www.w3.org/TR/xhtml1/DTD/xhtml1-transitional.dtd">
<html xmlns="http://www.w3.org/1999/xhtml" xml:lang="en" lang="en">
 <head>
  <title>
</title>
<meta http-equiv="Content-Type" content="text/html;charset=utf-8" />
  <meta name='ocr-system' content='tesseract 3.04.00' />
  <meta name='ocr-capabilities' content='ocr_page ocr_carea ocr_par ocr_line ocrx_word'/>
</head>
<body>
  <div class='ocr_page' id='page_1' title='image "./cassiifelicisde01feligoog_0110.png"; bbox 0 0 2318 3788; ppageno 0'>
   <div class='ocr_carea' id='block_1_1' title="bbox 433 77 654 144">
    <p class='ocr_par' dir='ltr' id='par_1_1' title="bbox 433 77 654 144">
     <span class='ocr_line' id='line_1_1' title="bbox 433 77 654 144; baseline 0.009 -20"><span class='ocrx_word' id='word_1_1' title='bbox 433 77 654 144; x_wconf 65' lang='lat'>..93-</span> 
     </span>
    </p>
   </div>
   <div class='ocr_carea' id='block_1_2' title="bbox 17 220 1110 1816">
    <p class='ocr_par' dir='ltr' id='par_1_2' title="bbox 17 220 1110 1104">
     <span class='ocr_line' id='line_1_2' title="bbox 17 220 1052 306; baseline 0.01 -25"><span class='ocrx_word' id='word_1_2' title='bbox 17 250 21 261; x_wconf 95' lang='lat'>·</span> <span class='ocrx_word' id='word_1_3' title='bbox 63 220 149 306; x_wconf 85' lang='lat' dir='ltr'><strong>decim,</strong></span> <span class='ocrx_word' id='word_1_4' title='bbox 169 225 269 286; x_wconf 88' lang='lat' dir='ltr'><strong>omnia</strong></span> <span class='ocrx_word' id='word_1_5' title='bbox 291 231 412 303; x_wconf 85' lang='lat' dir='ltr'><strong>praeter</strong></span> <span class='ocrx_word' id='word_1_6' title='bbox 434 225 495 284; x_wconf 90' lang='lat' dir='ltr'><strong>irin</strong></span> <span class='ocrx_word' id='word_1_7' title='bbox 513 223 656 304; x_wconf 77' lang='lat' dir='ltr'><strong>illyricam</strong></span> <span class='ocrx_word' id='word_1_8' title='bbox 675 232 744 287; x_wconf 88' lang='lat' dir='ltr'><strong>ante</strong></span> <span class='ocrx_word' id='word_1_9' title='bbox 766 223 891 288; x_wconf 86' lang='lat' dir='ltr'>biduum</span> <span class='ocrx_word' id='word_1_10' title='bbox 912 224 1052 291; x_wconf 82' lang='lat' dir='ltr'>infundes</span> 
     </span>
     <span class='ocr_line' id='line_1_3' title="bbox 62 310 1054 396; baseline 0.005 -23"><span class='ocrx_word' id='word_1_11' title='bbox 62 311 166 395; x_wconf 83' lang='lat' dir='ltr'><strong>inaqua</strong></span> <span class='ocrx_word' id='word_1_12' title='bbox 189 322 219 374; x_wconf 88' lang='lat' dir='ltr'><strong>et</strong></span> <span class='ocrx_word' id='word_1_13' title='bbox 242 313 333 374; x_wconf 89' lang='lat' dir='ltr'><strong>tertia</strong></span> <span class='ocrx_word' id='word_1_14' title='bbox 356 310 404 373; x_wconf 88' lang='lat' dir='ltr'><strong>die</strong></span> <span class='ocrx_word' id='word_1_15' title='bbox 427 330 539 391; x_wconf 88' lang='lat' dir='ltr'><strong>coques</strong></span> <span class='ocrx_word' id='word_1_16' title='bbox 562 331 658 392; x_wconf 72' lang='lat' dir='ltr'><strong>usqm</strong></span> <span class='ocrx_word' id='word_1_17' title='bbox 682 313 718 373; x_wconf 91' lang='lat' dir='ltr'><strong>ad</strong></span> <span class='ocrx_word' id='word_1_18' title='bbox 742 317 860 376; x_wconf 79' lang='lat' dir='ltr'><strong>tertiam</strong></span> <span class='ocrx_word' id='word_1_19' title='bbox 883 324 999 396; x_wconf 88' lang='lat' dir='ltr'><strong>partem</strong></span> <span class='ocrx_word' id='word_1_20' title='bbox 1022 327 1054 378; x_wconf 90' lang='lat' dir='ltr'><strong>et</strong></span> 
     </span>
     <span class='ocr_line' id='line_1_4' title="bbox 62 400 1054 484; baseline 0.003 -21"><span class='ocrx_word' id='word_1_21' title='bbox 62 401 204 479; x_wconf 78' lang='lat' dir='ltr'><strong>puteaco</strong></span> <span class='ocrx_word' id='word_1_22' title='bbox 232 400 269 462; x_wconf 89' lang='lat' dir='ltr'><strong>ab</strong></span> <span class='ocrx_word' id='word_1_23' title='bbox 299 403 368 480; x_wconf 80' lang='lat' dir='ltr'><strong>igne</strong></span> <span class='ocrx_word' id='word_1_24' title='bbox 395 400 490 462; x_wconf 90' lang='lat' dir='ltr'><strong>tolles.</strong></span> <span class='ocrx_word' id='word_1_25' title='bbox 537 400 646 463; x_wconf 89' lang='lat' dir='ltr'><strong>herbas</strong></span> <span class='ocrx_word' id='word_1_26' title='bbox 674 421 830 483; x_wconf 88' lang='lat' dir='ltr'><strong>expressas</strong></span> <span class='ocrx_word' id='word_1_27' title='bbox 862 407 991 484; x_wconf 83' lang='lat' dir='ltr'><strong>proicies</strong></span> <span class='ocrx_word' id='word_1_28' title='bbox 1023 415 1054 466; x_wconf 94' lang='lat' dir='ltr'><strong>et</strong></span> 
     </span>
     <span class='ocr_line' id='line_1_5' title="bbox 63 488 1053 572; baseline 0.004 -21"><span class='ocrx_word' id='word_1_29' title='bbox 63 506 144 553; x_wconf 87' lang='lat' dir='ltr'><strong>mcum</strong></span> <span class='ocrx_word' id='word_1_30' title='bbox 169 489 329 571; x_wconf 80' lang='lat' dir='ltr'><strong>diligenter</strong></span> <span class='ocrx_word' id='word_1_31' title='bbox 356 488 483 569; x_wconf 86' lang='lat' dir='ltr'><strong>liquabis</strong></span> <span class='ocrx_word' id='word_1_32' title='bbox 512 499 542 551; x_wconf 88' lang='lat' dir='ltr'><strong>et</strong></span> <span class='ocrx_word' id='word_1_33' title='bbox 569 489 675 551; x_wconf 81' lang='lat' dir='ltr'><strong>exinde</strong></span> <span class='ocrx_word' id='word_1_34' title='bbox 702 493 830 572; x_wconf 85' lang='lat' dir='ltr'><strong>accipies</strong></span> <span class='ocrx_word' id='word_1_35' title='bbox 859 496 1004 555; x_wconf 81' lang='lat' dir='ltr'><strong>sextarios</strong></span> <span class='ocrx_word' id='word_1_36' title='bbox 1026 493 1053 554; x_wconf 94' lang='lat' dir='ltr'><strong>ll</strong></span> 
     </span>
     <span class='ocr_line' id='line_1_6' title="bbox 63 578 1080 662; baseline 0.005 -23"><span class='ocrx_word' id='word_1_37' title='bbox 63 582 126 641; x_wconf 88' lang='lat' dir='ltr'><strong>etei</strong></span> <span class='ocrx_word' id='word_1_38' title='bbox 150 579 294 660; x_wconf 79' lang='lat' dir='ltr'><strong>adiunges</strong></span> <span class='ocrx_word' id='word_1_39' title='bbox 322 578 381 639; x_wconf 90' lang='lat' dir='ltr'><strong>mel</strong></span> <span class='ocrx_word' id='word_1_40' title='bbox 408 586 439 640; x_wconf 91' lang='lat' dir='ltr'><strong>et</strong></span> <span class='ocrx_word' id='word_1_41' title='bbox 465 597 588 659; x_wconf 90' lang='lat' dir='ltr'><strong>passum</strong></span> <span class='ocrx_word' id='word_1_42' title='bbox 616 587 647 640; x_wconf 87' lang='lat' dir='ltr'><strong>et</strong></span> <span class='ocrx_word' id='word_1_43' title='bbox 674 579 755 641; x_wconf 92' lang='lat' dir='ltr'><strong>lento</strong></span> <span class='ocrx_word' id='word_1_44' title='bbox 786 582 855 661; x_wconf 79' lang='lat' dir='ltr'><strong>igne</strong></span> <span class='ocrx_word' id='word_1_45' title='bbox 884 601 995 662; x_wconf 87' lang='lat' dir='ltr'><strong>coques</strong></span> <span class='ocrx_word' id='word_1_46' title='bbox 1024 591 1080 644; x_wconf 82' lang='lat' dir='ltr'><strong>et⁵</strong></span> 
     </span>
     <span class='ocr_line' id='line_1_7' title="bbox 63 667 1054 733; baseline 0.007 -7"><span class='ocrx_word' id='word_1_47' title='bbox 63 667 232 731; x_wconf 85' lang='lat' dir='ltr'><strong>electuarium</strong></span> <span class='ocrx_word' id='word_1_48' title='bbox 272 669 363 728; x_wconf 84' lang='lat' dir='ltr'><strong>iacies</strong></span> <span class='ocrx_word' id='word_1_49' title='bbox 399 669 431 728; x_wconf 94' lang='lat' dir='ltr'><strong>in</strong></span> <span class='ocrx_word' id='word_1_50' title='bbox 468 667 694 729; x_wconf 91' lang='lat' dir='ltr'><strong>similitudinem</strong></span> <span class='ocrx_word' id='word_1_51' title='bbox 729 668 825 730; x_wconf 86' lang='lat' dir='ltr'><strong>mellis</strong></span> <span class='ocrx_word' id='word_1_52' title='bbox 862 672 1054 733; x_wconf 87' lang='lat' dir='ltr'><strong>mediocriter</strong></span> 
     </span>
     <span class='ocr_line' id='line_1_8' title="bbox 64 755 1054 840; baseline 0.007 -26"><span class='ocrx_word' id='word_1_53' title='bbox 64 760 192 819; x_wconf 83' lang='lat' dir='ltr'><strong>enesionis</strong></span> <span class='ocrx_word' id='word_1_54' title='bbox 223 765 254 818; x_wconf 91' lang='lat' dir='ltr'><strong>et</strong></span> <span class='ocrx_word' id='word_1_55' title='bbox 281 765 354 818; x_wconf 88' lang='lat' dir='ltr'><strong>tune</strong></span> <span class='ocrx_word' id='word_1_56' title='bbox 388 755 475 818; x_wconf 91' lang='lat' dir='ltr'><strong>tolles</strong></span> <span class='ocrx_word' id='word_1_57' title='bbox 508 755 544 817; x_wconf 90' lang='lat' dir='ltr'><strong>ab</strong></span> <span class='ocrx_word' id='word_1_58' title='bbox 571 759 640 837; x_wconf 81' lang='lat' dir='ltr'><strong>igne</strong></span> <span class='ocrx_word' id='word_1_59' title='bbox 668 765 699 818; x_wconf 89' lang='lat' dir='ltr'><strong>et</strong></span> <span class='ocrx_word' id='word_1_60' title='bbox 731 775 963 840; x_wconf 81' lang='lat' dir='ltr'><strong>superasperges</strong></span> <span class='ocrx_word' id='word_1_61' title='bbox 995 763 1054 821; x_wconf 92' lang='lat' dir='ltr'><strong>irin</strong></span> 
     </span>
     <span class='ocr_line' id='line_1_9' title="bbox 63 842 1110 926; baseline 0.003 -18"><span class='ocrx_word' id='word_1_62' title='bbox 63 842 179 926; x_wconf 80' lang='lat' dir='ltr'><strong>llpicam</strong></span> <span class='ocrx_word' id='word_1_63' title='bbox 198 854 355 908; x_wconf 89' lang='lat' dir='ltr'><strong>contusam</strong></span> <span class='ocrx_word' id='word_1_64' title='bbox 373 853 404 906; x_wconf 92' lang='lat' dir='ltr'><strong>et</strong></span> <span class='ocrx_word' id='word_1_65' title='bbox 423 847 597 906; x_wconf 87' lang='lat' dir='ltr'><strong>tenuissima</strong></span> <span class='ocrx_word' id='word_1_66' title='bbox 621 853 733 906; x_wconf 89' lang='lat' dir='ltr'><strong>cretam</strong></span> <span class='ocrx_word' id='word_1_67' title='bbox 754 855 785 907; x_wconf 90' lang='lat' dir='ltr'><strong>et</strong></span> <span class='ocrx_word' id='word_1_68' title='bbox 803 847 936 910; x_wconf 77' lang='lat' dir='ltr'><strong>movebis</strong></span> <span class='ocrx_word' id='word_1_69' title='bbox 959 850 1054 910; x_wconf 87' lang='lat' dir='ltr'><strong>donec</strong></span> <span class='ocrx_word' id='word_1_70' title='bbox 1108 853 1110 856; x_wconf 51' lang='lat'><em>⁴</em></span> 
     </span>
     <span class='ocr_line' id='line_1_10' title="bbox 64 933 1053 1016; baseline 0.004 -22"><span class='ocrx_word' id='word_1_71' title='bbox 64 933 190 1016; x_wconf 75' lang='lat' dir='ltr'><strong>infrigidet</strong></span> <span class='ocrx_word' id='word_1_72' title='bbox 209 945 240 997; x_wconf 87' lang='lat' dir='ltr'><strong>et</strong></span> <span class='ocrx_word' id='word_1_73' title='bbox 258 951 387 1014; x_wconf 89' lang='lat' dir='ltr'><strong>repones</strong></span> <span class='ocrx_word' id='word_1_74' title='bbox 410 936 442 994; x_wconf 92' lang='lat' dir='ltr'><strong>in</strong></span> <span class='ocrx_word' id='word_1_75' title='bbox 460 935 555 994; x_wconf 91' lang='lat' dir='ltr'><strong>vitreo</strong></span> <span class='ocrx_word' id='word_1_76' title='bbox 579 953 647 995; x_wconf 80' lang='lat' dir='ltr'><strong>vase</strong></span> <span class='ocrx_word' id='word_1_77' title='bbox 672 943 701 996; x_wconf 91' lang='lat' dir='ltr'><strong>et</strong></span> <span class='ocrx_word' id='word_1_78' title='bbox 720 935 826 996; x_wconf 81' lang='lat' dir='ltr'><strong>exinde</strong></span> <span class='ocrx_word' id='word_1_79' title='bbox 850 935 1053 1000; x_wconf 84' lang='lat' dir='ltr'><strong>laborantibus</strong></span> 
     </span>
     <span class='ocr_line' id='line_1_11' title="bbox 64 1019 1095 1104; baseline 0.001 -18"><span class='ocrx_word' id='word_1_80' title='bbox 64 1019 125 1085; x_wconf 82' lang='lat' dir='ltr'><strong>dubis</strong></span> <span class='ocrx_word' id='word_1_81' title='bbox 144 1026 252 1086; x_wconf 86' lang='lat' dir='ltr'><strong>iciunis</strong></span> <span class='ocrx_word' id='word_1_82' title='bbox 276 1022 366 1084; x_wconf 86' lang='lat' dir='ltr'><strong>etad</strong></span> <span class='ocrx_word' id='word_1_83' title='bbox 390 1040 544 1103; x_wconf 89' lang='lat' dir='ltr'><strong>vesperam</strong></span> <span class='ocrx_word' id='word_1_84' title='bbox 568 1023 712 1084; x_wconf 89' lang='lat' dir='ltr'><strong>coclearia</strong></span> <span class='ocrx_word' id='word_1_85' title='bbox 734 1025 859 1104; x_wconf 82' lang='lat' dir='ltr'><strong>singula.</strong></span> <span class='ocrx_word' id='word_1_86' title='bbox 1070 1041 1095 1080; x_wconf 81' lang='lat'><strong>10</strong></span> 
     </span>
    </p>

    <p class='ocr_par' dir='ltr' id='par_1_3' title="bbox 64 1110 1096 1816">
     <span class='ocr_line' id='line_1_12' title="bbox 130 1110 1055 1194; baseline -0.001 -18"><span class='ocrx_word' id='word_1_87' title='bbox 130 1121 158 1176; x_wconf 95' lang='lat' dir='ltr'><strong>et</strong></span> <span class='ocrx_word' id='word_1_88' title='bbox 182 1121 343 1194; x_wconf 84' lang='lat' dir='ltr'><strong>postquam</strong></span> <span class='ocrx_word' id='word_1_89' title='bbox 371 1130 408 1172; x_wconf 91' lang='lat' dir='ltr'><strong>ex</strong></span> <span class='ocrx_word' id='word_1_90' title='bbox 431 1113 527 1192; x_wconf 85' lang='lat' dir='ltr'><strong>sputis</strong></span> <span class='ocrx_word' id='word_1_91' title='bbox 557 1110 776 1192; x_wconf 91' lang='lat' dir='ltr'><strong>limpidioribus</strong></span> <span class='ocrx_word' id='word_1_92' title='bbox 805 1113 851 1174; x_wconf 91' lang='lat' dir='ltr'><strong>vel</strong></span> <span class='ocrx_word' id='word_1_93' title='bbox 879 1122 961 1176; x_wconf 89' lang='lat' dir='ltr'><strong>certe</strong></span> <span class='ocrx_word' id='word_1_94' title='bbox 994 1133 1055 1176; x_wconf 90' lang='lat' dir='ltr'><strong>nou</strong></span> 
     </span>
     <span class='ocr_line' id='line_1_13' title="bbox 64 1200 1055 1282; baseline 0.004 -22"><span class='ocrx_word' id='word_1_95' title='bbox 64 1200 120 1263; x_wconf 87' lang='lat' dir='ltr'><strong>mle</strong></span> <span class='ocrx_word' id='word_1_96' title='bbox 139 1200 342 1265; x_wconf 89' lang='lat' dir='ltr'><strong>redolentibus</strong></span> <span class='ocrx_word' id='word_1_97' title='bbox 361 1202 517 1280; x_wconf 81' lang='lat' dir='ltr'><strong>agnoveris</strong></span> <span class='ocrx_word' id='word_1_98' title='bbox 535 1200 636 1261; x_wconf 91' lang='lat' dir='ltr'><strong>ulcera</strong></span> <span class='ocrx_word' id='word_1_99' title='bbox 659 1201 752 1262; x_wconf 86' lang='lat' dir='ltr'><strong>luisse</strong></span> <span class='ocrx_word' id='word_1_100' title='bbox 774 1210 914 1282; x_wconf 81' lang='lat' dir='ltr'><strong>purgata,</strong></span> <span class='ocrx_word' id='word_1_101' title='bbox 937 1205 1055 1282; x_wconf 85' lang='lat' dir='ltr'><strong>trigono</strong></span> 
     </span>
     <span class='ocr_line' id='line_1_14' title="bbox 64 1287 1055 1370; baseline 0.002 -20"><span class='ocrx_word' id='word_1_102' title='bbox 64 1293 167 1352; x_wconf 76' lang='lat' dir='ltr'><strong>uocum</strong></span> <span class='ocrx_word' id='word_1_103' title='bbox 193 1290 241 1352; x_wconf 87' lang='lat' dir='ltr'><strong>vel</strong></span> <span class='ocrx_word' id='word_1_104' title='bbox 269 1289 326 1350; x_wconf 88' lang='lat' dir='ltr'><strong>alio</strong></span> <span class='ocrx_word' id='word_1_105' title='bbox 357 1287 491 1368; x_wconf 89' lang='lat' dir='ltr'><strong>quolibet</strong></span> <span class='ocrx_word' id='word_1_106' title='bbox 522 1289 687 1350; x_wconf 87' lang='lat' dir='ltr'><strong>simillimae</strong></span> <span class='ocrx_word' id='word_1_107' title='bbox 720 1291 839 1350; x_wconf 88' lang='lat' dir='ltr'><strong>virtutis</strong></span> <span class='ocrx_word' id='word_1_108' title='bbox 871 1293 902 1351; x_wconf 95' lang='lat' dir='ltr'><strong>in</strong></span> <span class='ocrx_word' id='word_1_109' title='bbox 933 1293 1055 1370; x_wconf 90' lang='lat' dir='ltr'><strong>potione</strong></span> 
     </span>
     <span class='ocr_line' id='line_1_15' title="bbox 65 1374 1056 1442; baseline 0.002 -2"><span class='ocrx_word' id='word_1_110' title='bbox 65 1374 116 1440; x_wconf 82' lang='lat' dir='ltr'><strong>leto</strong></span> <span class='ocrx_word' id='word_1_111' title='bbox 134 1381 302 1442; x_wconf 87' lang='lat' dir='ltr'><strong>cicatricem</strong></span> <span class='ocrx_word' id='word_1_112' title='bbox 320 1377 453 1439; x_wconf 90' lang='lat' dir='ltr'><strong>induces.</strong></span> <span class='ocrx_word' id='word_1_113' title='bbox 491 1380 580 1440; x_wconf 89' lang='lat' dir='ltr'><strong>etiam</strong></span> <span class='ocrx_word' id='word_1_114' title='bbox 600 1380 787 1439; x_wconf 84' lang='lat' dir='ltr'><strong>extrinsecus</strong></span> <span class='ocrx_word' id='word_1_115' title='bbox 806 1379 1056 1442; x_wconf 89' lang='lat' dir='ltr'><strong>medicamentum</strong></span> 
     </span>
     <span class='ocr_line' id='line_1_16' title="bbox 66 1466 1096 1549; baseline 0.003 -21"><span class='ocrx_word' id='word_1_116' title='bbox 66 1467 209 1544; x_wconf 81' lang='lat' dir='ltr'><strong>epuloticou</strong></span> <span class='ocrx_word' id='word_1_117' title='bbox 224 1486 366 1548; x_wconf 86' lang='lat' dir='ltr'><strong>appones,</strong></span> <span class='ocrx_word' id='word_1_118' title='bbox 384 1466 415 1527; x_wconf 95' lang='lat' dir='ltr'><strong>id</strong></span> <span class='ocrx_word' id='word_1_119' title='bbox 429 1474 476 1528; x_wconf 90' lang='lat' dir='ltr'><strong>est</strong></span> <span class='ocrx_word' id='word_1_120' title='bbox 494 1467 574 1547; x_wconf 86' lang='lat' dir='ltr'><strong>quod</strong></span> <span class='ocrx_word' id='word_1_121' title='bbox 589 1466 683 1528; x_wconf 87' lang='lat' dir='ltr'><strong>valeat</strong></span> <span class='ocrx_word' id='word_1_122' title='bbox 700 1469 731 1528; x_wconf 91' lang='lat' dir='ltr'><strong>in</strong></span> <span class='ocrx_word' id='word_1_123' title='bbox 746 1469 916 1529; x_wconf 88' lang='lat' dir='ltr'><strong>cicatricem</strong></span> <span class='ocrx_word' id='word_1_124' title='bbox 935 1469 1055 1549; x_wconf 85' lang='lat' dir='ltr'><strong>ducere,</strong></span> <span class='ocrx_word' id='word_1_125' title='bbox 1071 1481 1096 1522; x_wconf 73' lang='lat'><strong>15</strong></span> 
     </span>
     <span class='ocr_line' id='line_1_17' title="bbox 65 1554 1057 1637; baseline 0.004 -23"><span class='ocrx_word' id='word_1_126' title='bbox 65 1561 91 1614; x_wconf 91' lang='lat' dir='ltr'><strong>ut</strong></span> <span class='ocrx_word' id='word_1_127' title='bbox 104 1566 142 1620; x_wconf 83' lang='lat' dir='ltr'><strong>eu</strong></span> <span class='ocrx_word' id='word_1_128' title='bbox 160 1559 280 1620; x_wconf 87' lang='lat' dir='ltr'><strong>linicine</strong></span> <span class='ocrx_word' id='word_1_129' title='bbox 304 1555 419 1618; x_wconf 87' lang='lat' dir='ltr'><strong>duabus</strong></span> <span class='ocrx_word' id='word_1_130' title='bbox 438 1554 526 1617; x_wconf 90' lang='lat' dir='ltr'><strong>alutis</strong></span> <span class='ocrx_word' id='word_1_131' title='bbox 549 1556 680 1617; x_wconf 88' lang='lat' dir='ltr'><strong>inducta.</strong></span> <span class='ocrx_word' id='word_1_132' title='bbox 716 1574 807 1617; x_wconf 89' lang='lat' dir='ltr'><strong>unam</strong></span> <span class='ocrx_word' id='word_1_133' title='bbox 829 1559 861 1617; x_wconf 93' lang='lat' dir='ltr'><strong>in</strong></span> <span class='ocrx_word' id='word_1_134' title='bbox 884 1566 1007 1637; x_wconf 88' lang='lat' dir='ltr'><strong>pectore</strong></span> <span class='ocrx_word' id='word_1_135' title='bbox 1027 1569 1057 1618; x_wconf 89' lang='lat' dir='ltr'><strong>et</strong></span> 
     </span>
     <span class='ocr_line' id='line_1_18' title="bbox 65 1638 1057 1728; baseline 0.008 -27"><span class='ocrx_word' id='word_1_136' title='bbox 65 1638 182 1709; x_wconf 83' lang='lat' dir='ltr'><strong>lateribus</strong></span> <span class='ocrx_word' id='word_1_137' title='bbox 204 1654 236 1708; x_wconf 92' lang='lat' dir='ltr'><strong>et</strong></span> <span class='ocrx_word' id='word_1_138' title='bbox 260 1645 382 1706; x_wconf 88' lang='lat' dir='ltr'><strong>alteram</strong></span> <span class='ocrx_word' id='word_1_139' title='bbox 401 1662 418 1705; x_wconf 88' lang='lat' dir='ltr'><strong>u</strong></span> <span class='ocrx_word' id='word_1_140' title='bbox 440 1651 526 1725; x_wconf 86' lang='lat' dir='ltr'><strong>tergo</strong></span> <span class='ocrx_word' id='word_1_141' title='bbox 548 1645 628 1706; x_wconf 91' lang='lat' dir='ltr'><strong>inter</strong></span> <span class='ocrx_word' id='word_1_142' title='bbox 647 1645 797 1726; x_wconf 85' lang='lat' dir='ltr'><strong>scapulas,</strong></span> <span class='ocrx_word' id='word_1_143' title='bbox 820 1654 964 1726; x_wconf 91' lang='lat' dir='ltr'><strong>utsupra</strong></span> <span class='ocrx_word' id='word_1_144' title='bbox 986 1647 1057 1728; x_wconf 85' lang='lat' dir='ltr'><strong>dixi,</strong></span> 
     </span>
     <span class='ocr_line' id='line_1_19' title="bbox 65 1727 400 1816; baseline -0.012 -19"><span class='ocrx_word' id='word_1_145' title='bbox 65 1746 170 1811; x_wconf 68' lang='lat' dir='ltr'><strong>appones</strong></span> <span class='ocrx_word' id='word_1_146' title='bbox 192 1744 223 1797; x_wconf 92' lang='lat' dir='ltr'><strong>et</strong></span> <span class='ocrx_word' id='word_1_147' title='bbox 246 1733 372 1795; x_wconf 88' lang='lat' dir='ltr'><strong>sanabis.</strong></span> <span class='ocrx_word' id='word_1_148' title='bbox 390 1727 400 1816; x_wconf 79' lang='lat' dir='ltr'><strong>d</strong></span> 
     </span>
    </p>
   </div>
   <div class='ocr_carea' id='block_1_3' title="bbox 10 1891 1143 2097">
    <p class='ocr_par' dir='ltr' id='par_1_4' title="bbox 10 1891 1143 2097">
     <span class='ocr_line' id='line_1_20' title="bbox 338 1891 1143 1958; baseline -0.007 -5"><span class='ocrx_word' id='word_1_149' title='bbox 338 1892 412 1954; x_wconf 86' lang='lat' dir='ltr'>XLI.</span> <span class='ocrx_word' id='word_1_150' title='bbox 448 1893 495 1954; x_wconf 82' lang='lat' dir='ltr'><strong>Ad</strong></span> <span class='ocrx_word' id='word_1_151' title='bbox 520 1891 763 1954; x_wconf 87' lang='lat' dir='ltr'><strong>asthmaticos.</strong></span> <span class='ocrx_word' id='word_1_152' title='bbox 1059 1906 1143 1958; x_wconf 64' lang='lat' dir='ltr'><strong>(uror</strong></span> 
     </span>
     <span class='ocr_line' id='line_1_21' title="bbox 10 2013 1099 2097; baseline -0.014 -12"><span class='ocrx_word' id='word_1_153' title='bbox 10 2042 16 2085; x_wconf 80' lang='lat' dir='ltr'><strong>r</strong></span> <span class='ocrx_word' id='word_1_154' title='bbox 134 2019 305 2082; x_wconf 76' lang='lat' dir='ltr'><strong>Astbmutici</strong></span> <span class='ocrx_word' id='word_1_155' title='bbox 324 2017 465 2079; x_wconf 86' lang='lat' dir='ltr'><strong>dicuntur</strong></span> <span class='ocrx_word' id='word_1_156' title='bbox 484 2016 575 2078; x_wconf 90' lang='lat' dir='ltr'><strong>latino</strong></span> <span class='ocrx_word' id='word_1_157' title='bbox 590 2032 728 2077; x_wconf 89' lang='lat' dir='ltr'><strong>sermone</strong></span> <span class='ocrx_word' id='word_1_158' title='bbox 747 2013 880 2076; x_wconf 90' lang='lat' dir='ltr'><strong>anbelosi</strong></span> <span class='ocrx_word' id='word_1_159' title='bbox 894 2015 940 2076; x_wconf 92' lang='lat' dir='ltr'><strong>vel</strong></span> <span class='ocrx_word' id='word_1_160' title='bbox 961 2019 1057 2097; x_wconf 86' lang='lat' dir='ltr'><strong>suspi·</strong></span> <span class='ocrx_word' id='word_1_161' title='bbox 1072 2031 1099 2071; x_wconf 79' lang='lat' dir='ltr'><strong>ro</strong></span> 
     </span>
    </p>
   </div>
   <div class='ocr_carea' id='block_1_4' title="bbox 10 2100 16 2217">
    <p class='ocr_par' dir='ltr' id='par_1_5' title="bbox 10 2100 16 2217">
     <span class='ocr_line' id='line_1_22' title="bbox 10 2100 16 2217; baseline 0 0"><span class='ocrx_word' id='word_1_162' title='bbox 10 2100 16 2217; x_wconf 86' lang='lat' dir='ltr'><strong>l</strong></span> 
     </span>
    </p>
   </div>
   <div class='ocr_carea' id='block_1_5' title="bbox 120 2241 1058 2313">
    <p class='ocr_par' dir='ltr' id='par_1_6' title="bbox 120 2241 1058 2313">
     <span class='ocr_line' id='line_1_23' title="bbox 120 2241 1058 2313; baseline 0.002 -17"><span class='ocrx_word' id='word_1_163' title='bbox 120 2242 196 2299; x_wconf 85' lang='lat' dir='ltr'><strong>liris</strong></span> <span class='ocrx_word' id='word_1_164' title='bbox 214 2242 318 2298; x_wconf 70' lang='lat' dir='ltr'><strong>illiriod</strong></span> <span class='ocrx_word' id='word_1_165' title='bbox 337 2244 418 2311; x_wconf 83' lang='lat' dir='ltr'><strong>(-oa</strong></span> <span class='ocrx_word' id='word_1_166' title='bbox 431 2242 512 2310; x_wconf 78' lang='lat' dir='ltr'><strong>corr.)</strong></span> <span class='ocrx_word' id='word_1_167' title='bbox 530 2258 582 2313; x_wconf 78' lang='lat' dir='ltr'><strong>pp,</strong></span> <span class='ocrx_word' id='word_1_168' title='bbox 600 2241 687 2297; x_wconf 69' lang='lat' dir='ltr'><strong>illine</strong></span> <span class='ocrx_word' id='word_1_169' title='bbox 705 2259 728 2299; x_wconf 92' lang='lat' dir='ltr'><strong>c.</strong></span> <span class='ocrx_word' id='word_1_170' title='bbox 801 2247 838 2299; x_wconf 76' lang='lat' dir='ltr'><strong>oi</strong></span> <span class='ocrx_word' id='word_1_171' title='bbox 852 2243 940 2299; x_wconf 80' lang='lat' dir='ltr'><strong>biduo</strong></span> <span class='ocrx_word' id='word_1_172' title='bbox 954 2259 977 2309; x_wconf 85' lang='lat' dir='ltr'><strong>c,</strong></span> <span class='ocrx_word' id='word_1_173' title='bbox 996 2259 1058 2299; x_wconf 85' lang='lat' dir='ltr'><strong>ana.</strong></span> 
     </span>
    </p>
   </div>
   <div class='ocr_carea' id='block_1_6' title="bbox 10 2313 1126 3422">
    <p class='ocr_par' dir='ltr' id='par_1_7' title="bbox 66 2313 1059 2432">
     <span class='ocr_line' id='line_1_24' title="bbox 66 2313 1059 2432; baseline 0 -30"><span class='ocrx_word' id='word_1_174' title='bbox 66 2336 134 2428; x_wconf 75' lang='lat' dir='ltr'><strong>bidui</strong></span> <span class='ocrx_word' id='word_1_175' title='bbox 149 2351 180 2404; x_wconf 80' lang='lat' dir='ltr'><strong>iu</strong></span> <span class='ocrx_word' id='word_1_176' title='bbox 196 2364 253 2407; x_wconf 80' lang='lat' dir='ltr'><strong>rao.</strong></span> <span class='ocrx_word' id='word_1_177' title='bbox 270 2355 321 2430; x_wconf 77' lang='lat'><strong>9⁰¹.</strong></span> <span class='ocrx_word' id='word_1_178' title='bbox 334 2353 372 2431; x_wconf 71' lang='lat' dir='ltr'><strong>ari</strong></span> <span class='ocrx_word' id='word_1_179' title='bbox 389 2313 527 2416; x_wconf 56' lang='lat' dir='ltr'><strong>brdddfiff.</strong></span> <span class='ocrx_word' id='word_1_180' title='bbox 612 2353 723 2418; x_wconf 67' lang='lat' dir='ltr'><strong>ioque</strong></span> <span class='ocrx_word' id='word_1_181' title='bbox 741 2366 786 2419; x_wconf 81' lang='lat' dir='ltr'><strong>ep:</strong></span> <span class='ocrx_word' id='word_1_182' title='bbox 806 2367 909 2432; x_wconf 66' lang='lat' dir='ltr'><strong>nquam</strong></span> <span class='ocrx_word' id='word_1_183' title='bbox 926 2365 953 2418; x_wconf 76' lang='lat' dir='ltr'><strong>p.</strong></span> <span class='ocrx_word' id='word_1_184' title='bbox 1043 2356 1059 2402; x_wconf 85' lang='lat'><strong>3</strong></span> 
     </span>
    </p>

    <p class='ocr_par' dir='ltr' id='par_1_8' title="bbox 32 2417 1060 2798">
     <span class='ocr_line' id='line_1_25' title="bbox 32 2417 1059 2492; baseline -0.006 -14"><span class='ocrx_word' id='word_1_185' title='bbox 32 2422 40 2435; x_wconf 87' lang='grc'><strong>“</strong></span> <span class='ocrx_word' id='word_1_186' title='bbox 65 2417 148 2478; x_wconf 76' lang='lat' dir='ltr'><strong>erucis</strong></span> <span class='ocrx_word' id='word_1_187' title='bbox 169 2437 214 2492; x_wconf 77' lang='lat' dir='ltr'><strong>pc,</strong></span> <span class='ocrx_word' id='word_1_188' title='bbox 238 2421 363 2490; x_wconf 83' lang='lat' dir='ltr'><strong>probrore</strong></span> <span class='ocrx_word' id='word_1_189' title='bbox 381 2436 412 2489; x_wconf 82' lang='lat' dir='ltr'><strong>p.</strong></span> <span class='ocrx_word' id='word_1_190' title='bbox 521 2424 538 2471; x_wconf 90' lang='lat'>4</span> <span class='ocrx_word' id='word_1_191' title='bbox 557 2421 587 2473; x_wconf 82' lang='lat' dir='ltr'><strong>et</strong></span> <span class='ocrx_word' id='word_1_192' title='bbox 609 2417 709 2475; x_wconf 89' lang='lat' dir='ltr'><strong>exinde</strong></span> <span class='ocrx_word' id='word_1_193' title='bbox 727 2421 848 2490; x_wconf 82' lang='lat' dir='ltr'><strong>accipres</strong></span> <span class='ocrx_word' id='word_1_194' title='bbox 865 2437 895 2490; x_wconf 78' lang='lat' dir='ltr'><strong>p:</strong></span> <span class='ocrx_word' id='word_1_195' title='bbox 923 2434 973 2473; x_wconf 85' lang='lat' dir='ltr'><strong>mu.</strong></span> <span class='ocrx_word' id='word_1_196' title='bbox 989 2435 1011 2487; x_wconf 81' lang='lat' dir='ltr'><strong>p</strong></span> <span class='ocrx_word' id='word_1_197' title='bbox 1030 2419 1059 2487; x_wconf 90' lang='lat' dir='ltr'><strong>(l.</strong></span> 
     </span>
     <span class='ocr_line' id='line_1_26' title="bbox 66 2490 1059 2561; baseline 0.003 -19"><span class='ocrx_word' id='word_1_198' title='bbox 66 2491 254 2547; x_wconf 66' lang='lat' dir='ltr'><strong>curatoriis</strong></span> <span class='ocrx_word' id='word_1_199' title='bbox 273 2491 383 2546; x_wconf 90' lang='lat' dir='ltr'><strong>duobus</strong></span> <span class='ocrx_word' id='word_1_200' title='bbox 401 2490 537 2560; x_wconf 82' lang='lat' dir='ltr'><strong>adiunges</strong></span> <span class='ocrx_word' id='word_1_201' title='bbox 556 2507 593 2544; x_wconf 85' lang='lat' dir='ltr'><strong>m.</strong></span> <span class='ocrx_word' id='word_1_202' title='bbox 612 2492 653 2546; x_wconf 80' lang='lat' dir='ltr'><strong>cic</strong></span> <span class='ocrx_word' id='word_1_203' title='bbox 670 2493 704 2560; x_wconf 90' lang='lat' dir='ltr'><strong>c).</strong></span> <span class='ocrx_word' id='word_1_204' title='bbox 811 2491 875 2547; x_wconf 76' lang='lat' dir='ltr'><strong>oei</strong></span> <span class='ocrx_word' id='word_1_205' title='bbox 892 2508 922 2561; x_wconf 77' lang='lat' dir='ltr'><strong>p:</strong></span> <span class='ocrx_word' id='word_1_206' title='bbox 947 2505 998 2545; x_wconf 85' lang='lat' dir='ltr'><strong>om.</strong></span> <span class='ocrx_word' id='word_1_207' title='bbox 1018 2506 1059 2558; x_wconf 84' lang='lat' dir='ltr'><strong>op.</strong></span> 
     </span>
     <span class='ocr_line' id='line_1_27' title="bbox 64 2557 1059 2633; baseline -0.003 -16"><span class='ocrx_word' id='word_1_208' title='bbox 64 2557 109 2611; x_wconf 71' lang='lat' dir='ltr'><strong>mel</strong></span> <span class='ocrx_word' id='word_1_209' title='bbox 122 2579 229 2631; x_wconf 77' lang='lat' dir='ltr'><strong>passum</strong></span> <span class='ocrx_word' id='word_1_210' title='bbox 248 2578 273 2633; x_wconf 80' lang='lat'><strong>9.</strong></span> <span class='ocrx_word' id='word_1_211' title='bbox 366 2567 382 2616; x_wconf 86' lang='grc'><strong>6</strong></span> <span class='ocrx_word' id='word_1_212' title='bbox 400 2561 471 2616; x_wconf 78' lang='lat' dir='ltr'><strong>facie</strong></span> <span class='ocrx_word' id='word_1_213' title='bbox 489 2577 549 2631; x_wconf 79' lang='lat' dir='ltr'><strong>pop.</strong></span> <span class='ocrx_word' id='word_1_214' title='bbox 639 2561 824 2618; x_wconf 84' lang='lat' dir='ltr'><strong>similitudino</strong></span> <span class='ocrx_word' id='word_1_215' title='bbox 841 2581 859 2633; x_wconf 79' lang='lat' dir='ltr'><strong>p</strong></span> <span class='ocrx_word' id='word_1_216' title='bbox 879 2565 989 2631; x_wconf 84' lang='lat' dir='ltr'><strong>(-nem</strong></span> <span class='ocrx_word' id='word_1_217' title='bbox 1008 2563 1059 2630; x_wconf 85' lang='lat' dir='ltr'><strong>cp).</strong></span> 
     </span>
     <span class='ocr_line' id='line_1_28' title="bbox 66 2625 1060 2705; baseline -0.001 -17"><span class='ocrx_word' id='word_1_218' title='bbox 66 2625 223 2690; x_wconf 67' lang='lat' dir='ltr'><strong>lorostaria</strong></span> <span class='ocrx_word' id='word_1_219' title='bbox 241 2650 288 2703; x_wconf 76' lang='lat' dir='ltr'><strong>pc:</strong></span> <span class='ocrx_word' id='word_1_220' title='bbox 307 2631 395 2688; x_wconf 85' lang='lat' dir='ltr'><strong>craesi</strong></span> <span class='ocrx_word' id='word_1_221' title='bbox 408 2649 439 2702; x_wconf 78' lang='lat' dir='ltr'><strong>p.</strong></span> <span class='ocrx_word' id='word_1_222' title='bbox 511 2631 552 2702; x_wconf 72' lang='lat' dir='ltr'><strong>ily</strong></span> <span class='ocrx_word' id='word_1_223' title='bbox 561 2631 769 2702; x_wconf 60' lang='lat' dir='ltr'><strong>pffieilbrioam</strong></span> <span class='ocrx_word' id='word_1_224' title='bbox 786 2651 846 2705; x_wconf 77' lang='lat' dir='ltr'><strong>pop.</strong></span> <span class='ocrx_word' id='word_1_225' title='bbox 929 2636 1060 2687; x_wconf 86' lang='lat' dir='ltr'><strong>8moves</strong></span> 
     </span>
     <span class='ocr_line' id='line_1_29' title="bbox 64 2703 1060 2798; baseline -0.004 -36"><span class='ocrx_word' id='word_1_226' title='bbox 64 2707 111 2776; x_wconf 67' lang='lat'><strong>999·</strong></span> <span class='ocrx_word' id='word_1_227' title='bbox 176 2703 353 2798; x_wconf 78' lang='lat' dir='ltr'><strong>9infrigdeb</strong></span> <span class='ocrx_word' id='word_1_228' title='bbox 369 2720 396 2786; x_wconf 80' lang='lat' dir='ltr'><strong>p.</strong></span> <span class='ocrx_word' id='word_1_229' title='bbox 485 2703 515 2758; x_wconf 90' lang='lat' dir='ltr'><strong>in</strong></span> <span class='ocrx_word' id='word_1_230' title='bbox 533 2703 654 2798; x_wconf 80' lang='lat' dir='ltr'><strong>ritrepm</strong></span> <span class='ocrx_word' id='word_1_231' title='bbox 671 2721 722 2759; x_wconf 84' lang='lat' dir='ltr'><strong>vas</strong></span> <span class='ocrx_word' id='word_1_232' title='bbox 742 2722 764 2762; x_wconf 89' lang='lat' dir='ltr'><strong>o.</strong></span> <span class='ocrx_word' id='word_1_233' title='bbox 856 2711 889 2787; x_wconf 75' lang='lat'><strong>19</strong></span> <span class='ocrx_word' id='word_1_234' title='bbox 908 2703 1060 2784; x_wconf 81' lang='lat' dir='ltr'><strong>coclearios</strong></span> 
     </span>
    </p>

    <p class='ocr_par' dir='ltr' id='par_1_9' title="bbox 10 2775 1126 2987">
     <span class='ocr_line' id='line_1_30' title="bbox 10 2775 1062 2918; baseline -0.004 -16"><span class='ocrx_word' id='word_1_235' title='bbox 10 2870 12 2879; x_wconf 85' lang='lat'>·</span> <span class='ocrx_word' id='word_1_236' title='bbox 65 2775 339 2918; x_wconf 51' lang='lat' dir='ltr'><strong>litterarii</strong></span> <span class='ocrx_word' id='word_1_237' title='bbox 353 2775 479 2915; x_wconf 53' lang='lat' dir='ltr'><strong>{lium</strong></span> <span class='ocrx_word' id='word_1_238' title='bbox 498 2775 758 2917; x_wconf 53' lang='lat' dir='ltr'><strong>titillato</strong></span> <span class='ocrx_word' id='word_1_239' title='bbox 777 2775 1062 2916; x_wconf 53' lang='lat' dir='ltr'><strong>primitiare</strong></span> 
     </span>
     <span class='ocr_line' id='line_1_31' title="bbox 65 2910 1126 2987; baseline -0.003 -15"><span class='ocrx_word' id='word_1_240' title='bbox 65 2910 105 2978; x_wconf 54' lang='grc' dir='ltr'><strong>φ).</strong></span> <span class='ocrx_word' id='word_1_241' title='bbox 204 2934 262 2972; x_wconf 80' lang='lat' dir='ltr'><strong>nus</strong></span> <span class='ocrx_word' id='word_1_242' title='bbox 280 2918 347 2985; x_wconf 70' lang='lat' dir='ltr'><strong>(und</strong></span> <span class='ocrx_word' id='word_1_243' title='bbox 360 2918 416 2986; x_wconf 80' lang='lat' dir='ltr'><strong>p).</strong></span> <span class='ocrx_word' id='word_1_244' title='bbox 435 2916 570 2973; x_wconf 79' lang='lat' dir='ltr'><strong>..altere</strong></span> <span class='ocrx_word' id='word_1_245' title='bbox 590 2933 636 2987; x_wconf 77' lang='lat' dir='ltr'><strong>pp.</strong></span> <span class='ocrx_word' id='word_1_246' title='bbox 743 2918 860 2973; x_wconf 79' lang='lat' dir='ltr'><strong>inducta</strong></span> <span class='ocrx_word' id='word_1_247' title='bbox 883 2919 991 2987; x_wconf 83' lang='lat' dir='ltr'><strong>(—tum</strong></span> <span class='ocrx_word' id='word_1_248' title='bbox 1013 2919 1061 2987; x_wconf 78' lang='lat' dir='ltr'><strong>pp)</strong></span> <span class='ocrx_word' id='word_1_249' title='bbox 1121 2929 1126 2940; x_wconf 76' lang='grc'><em>’</em></span> 
     </span>
    </p>

    <p class='ocr_par' dir='ltr' id='par_1_10' title="bbox 10 2988 1075 3422">
     <span class='ocr_line' id='line_1_32' title="bbox 10 2988 1063 3058; baseline -0.004 -12"><span class='ocrx_word' id='word_1_250' title='bbox 10 3000 12 3021; x_wconf 80' lang='lat'><strong>²</strong></span> <span class='ocrx_word' id='word_1_251' title='bbox 67 3004 93 3018; x_wconf 72' lang='grc'><strong>“</strong></span> <span class='ocrx_word' id='word_1_252' title='bbox 108 2988 212 3046; x_wconf 72' lang='lat' dir='ltr'><strong>euobis</strong></span> <span class='ocrx_word' id='word_1_253' title='bbox 231 3004 329 3054; x_wconf 73' lang='lat' dir='ltr'><strong>oruc,</strong></span> <span class='ocrx_word' id='word_1_254' title='bbox 352 2989 401 3057; x_wconf 76' lang='lat' dir='ltr'><strong>qui</strong></span> <span class='ocrx_word' id='word_1_255' title='bbox 418 3004 511 3043; x_wconf 74' lang='lat' dir='ltr'><strong>cortem</strong></span> <span class='ocrx_word' id='word_1_256' title='bbox 529 2989 586 3043; x_wconf 87' lang='lat' dir='ltr'><strong>loco</strong></span> <span class='ocrx_word' id='word_1_257' title='bbox 605 2988 686 3043; x_wconf 79' lang='lat' dir='ltr'><strong>addit</strong></span> <span class='ocrx_word' id='word_1_258' title='bbox 702 2988 780 3044; x_wconf 82' lang='lat' dir='ltr'><strong>baec:</strong></span> <span class='ocrx_word' id='word_1_259' title='bbox 807 2990 878 3044; x_wconf 83' lang='lat' dir='ltr'><strong>Item</strong></span> <span class='ocrx_word' id='word_1_260' title='bbox 896 2989 980 3058; x_wconf 76' lang='lat' dir='ltr'><strong>(quod</strong></span> <span class='ocrx_word' id='word_1_261' title='bbox 997 2989 1063 3043; x_wconf 84' lang='lat' dir='ltr'><strong>solet</strong></span> 
     </span>
     <span class='ocr_line' id='line_1_33' title="bbox 65 3056 1063 3131; baseline -0.003 -16"><span class='ocrx_word' id='word_1_262' title='bbox 65 3056 165 3116; x_wconf 66' lang='lat' dir='ltr'><strong>lmine</strong></span> <span class='ocrx_word' id='word_1_263' title='bbox 173 3075 227 3131; x_wconf 82' lang='lat' dir='ltr'><strong>pro</strong></span> <span class='ocrx_word' id='word_1_264' title='bbox 241 3058 328 3114; x_wconf 86' lang='lat' dir='ltr'><strong>Aliud</strong></span> <span class='ocrx_word' id='word_1_265' title='bbox 341 3062 388 3131; x_wconf 78' lang='lat' dir='ltr'><strong>pp)</strong></span> <span class='ocrx_word' id='word_1_266' title='bbox 404 3057 465 3114; x_wconf 85' lang='lat' dir='ltr'><strong>elac</strong></span> <span class='ocrx_word' id='word_1_267' title='bbox 479 3061 510 3129; x_wconf 87' lang='lat' dir='ltr'><strong>tp</strong></span> <span class='ocrx_word' id='word_1_268' title='bbox 525 3058 712 3128; x_wconf 81' lang='lat' dir='ltr'><strong>(electarium)</strong></span> <span class='ocrx_word' id='word_1_269' title='bbox 726 3061 752 3124; x_wconf 65' lang='lat' dir='ltr'><strong>Id</strong></span> <span class='ocrx_word' id='word_1_270' title='bbox 765 3059 824 3129; x_wconf 83' lang='lat' dir='ltr'><strong>apii</strong></span> <span class='ocrx_word' id='word_1_271' title='bbox 842 3058 940 3130; x_wconf 88' lang='lat' dir='ltr'><strong>ciperii</strong></span> <span class='ocrx_word' id='word_1_272' title='bbox 953 3058 1063 3130; x_wconf 80' lang='lat' dir='ltr'><strong>pulegii</strong></span> 
     </span>
     <span class='ocr_line' id='line_1_34' title="bbox 63 3126 1063 3203; baseline 0 -19"><span class='ocrx_word' id='word_1_273' title='bbox 63 3126 150 3200; x_wconf 52' lang='lat' dir='ltr'><strong>supin</strong></span> <span class='ocrx_word' id='word_1_274' title='bbox 169 3129 291 3186; x_wconf 80' lang='lat' dir='ltr'><strong>marubii</strong></span> <span class='ocrx_word' id='word_1_275' title='bbox 314 3145 411 3199; x_wconf 83' lang='lat' dir='ltr'><strong>semen</strong></span> <span class='ocrx_word' id='word_1_276' title='bbox 433 3130 544 3186; x_wconf 79' lang='lat' dir='ltr'><strong>lactuca</strong></span> <span class='ocrx_word' id='word_1_277' title='bbox 568 3136 626 3186; x_wconf 75' lang='lat' dir='ltr'><strong>seffi</strong></span> <span class='ocrx_word' id='word_1_278' title='bbox 648 3129 738 3185; x_wconf 80' lang='lat' dir='ltr'><strong>urbice</strong></span> <span class='ocrx_word' id='word_1_279' title='bbox 763 3130 949 3186; x_wconf 79' lang='lat' dir='ltr'><strong>manissime</strong></span> <span class='ocrx_word' id='word_1_280' title='bbox 972 3131 1063 3203; x_wconf 84' lang='lat' dir='ltr'><strong>lumpi</strong></span> 
     </span>
     <span class='ocr_line' id='line_1_35' title="bbox 66 3188 1063 3272; baseline 0 -17"><span class='ocrx_word' id='word_1_281' title='bbox 66 3188 190 3272; x_wconf 72' lang='lat' dir='ltr'><strong>(nuperi)</strong></span> <span class='ocrx_word' id='word_1_282' title='bbox 214 3217 340 3257; x_wconf 79' lang='lat' dir='ltr'><strong>uasorum</strong></span> <span class='ocrx_word' id='word_1_283' title='bbox 362 3201 448 3257; x_wconf 81' lang='lat' dir='ltr'><strong>bacco</strong></span> <span class='ocrx_word' id='word_1_284' title='bbox 466 3202 540 3257; x_wconf 86' lang='lat' dir='ltr'><strong>lauri</strong></span> <span class='ocrx_word' id='word_1_285' title='bbox 563 3201 669 3272; x_wconf 83' lang='lat' dir='ltr'><strong>piperis</strong></span> <span class='ocrx_word' id='word_1_286' title='bbox 688 3201 802 3256; x_wconf 84' lang='lat' dir='ltr'><strong>seminis</strong></span> <span class='ocrx_word' id='word_1_287' title='bbox 820 3204 883 3257; x_wconf 81' lang='lat' dir='ltr'><strong>rute</strong></span> <span class='ocrx_word' id='word_1_288' title='bbox 902 3205 932 3258; x_wconf 82' lang='lat' dir='ltr'><strong>et</strong></span> <span class='ocrx_word' id='word_1_289' title='bbox 949 3201 1015 3257; x_wconf 80' lang='lat' dir='ltr'><strong>fabe</strong></span> <span class='ocrx_word' id='word_1_290' title='bbox 1033 3205 1063 3255; x_wconf 89' lang='lat' dir='ltr'><strong>in</strong></span> 
     </span>
     <span class='ocr_line' id='line_1_36' title="bbox 67 3260 1075 3351; baseline -0.002 -28"><span class='ocrx_word' id='word_1_291' title='bbox 67 3260 117 3342; x_wconf 53' lang='lat' dir='ltr'><strong>ilco</strong></span> <span class='ocrx_word' id='word_1_292' title='bbox 133 3271 214 3351; x_wconf 72' lang='lat' dir='ltr'><strong>bigte</strong></span> <span class='ocrx_word' id='word_1_293' title='bbox 232 3278 270 3329; x_wconf 79' lang='lat' dir='ltr'><strong>mi</strong></span> <span class='ocrx_word' id='word_1_294' title='bbox 290 3271 315 3341; x_wconf 80' lang='lat'><strong>⁷,-</strong></span> <span class='ocrx_word' id='word_1_295' title='bbox 332 3273 353 3326; x_wconf 95' lang='lat' dir='ltr'><strong>I.</strong></span> <span class='ocrx_word' id='word_1_296' title='bbox 441 3278 475 3327; x_wconf 81' lang='lat'><strong>19</strong></span> <span class='ocrx_word' id='word_1_297' title='bbox 494 3272 539 3328; x_wconf 83' lang='lat' dir='ltr'><strong>Ad</strong></span> <span class='ocrx_word' id='word_1_298' title='bbox 557 3271 708 3328; x_wconf 83' lang='lat' dir='ltr'><strong>asmoticos</strong></span> <span class='ocrx_word' id='word_1_299' title='bbox 722 3274 845 3343; x_wconf 9' lang='lat' dir='ltr'><strong>oculiad.</strong></span> <span class='ocrx_word' id='word_1_300' title='bbox 861 3274 1075 3342; x_wconf 40' lang='lat' dir='ltr'><strong>puberum-</strong></span> 
     </span>
     <span class='ocr_line' id='line_1_37' title="bbox 66 3330 721 3422; baseline 0.006 -24"><span class='ocrx_word' id='word_1_301' title='bbox 66 3330 118 3392; x_wconf 58' lang='lat' dir='ltr'><strong>troi„</strong></span> <span class='ocrx_word' id='word_1_302' title='bbox 131 3359 158 3411; x_wconf 86' lang='lat' dir='ltr'><strong>p.</strong></span> <span class='ocrx_word' id='word_1_303' title='bbox 182 3395 199 3422; x_wconf 23' lang='grc' dir='ltr'><strong>,Ι</strong></span> <span class='ocrx_word' id='word_1_304' title='bbox 228 3350 264 3400; x_wconf 77' lang='lat'><strong>20</strong></span> <span class='ocrx_word' id='word_1_305' title='bbox 280 3343 417 3400; x_wconf 81' lang='lat' dir='ltr'><strong>Aemalici</strong></span> <span class='ocrx_word' id='word_1_306' title='bbox 434 3360 495 3416; x_wconf 79' lang='lat' dir='ltr'><strong>pop.</strong></span> <span class='ocrx_word' id='word_1_307' title='bbox 570 3344 677 3401; x_wconf 73' lang='lat' dir='ltr'><strong>aeliosi</strong></span> <span class='ocrx_word' id='word_1_308' title='bbox 695 3362 721 3402; x_wconf 90' lang='lat' dir='ltr'><strong>c.</strong></span> 
     </span>
    </p>
   </div>
   <div class='ocr_carea' id='block_1_7' title="bbox 0 0 1171 3788">
    <p class='ocr_par' dir='ltr' id='par_1_11' title="bbox 0 0 1171 3788">
     <span class='ocr_line' id='line_1_38' title="bbox 0 0 1171 3788; baseline 0 0"><span class='ocrx_word' id='word_1_309' title='bbox 0 0 1171 3788; x_wconf 95' lang='lat' dir='ltr'><strong> </strong></span> 
     </span>
    </p>
   </div>
  </div>
 </body>
</html>
