2318 3788
435 177 657 242 ..73-

125 323 174 382 sin
207 339 279 381 vero
312 320 495 401 glutinosum
526 322 644 401 llegma,
679 322 758 401 quod
791 321 897 384 Graeci
927 323 1058 386 collodes

31 419 157 492 vocant,
185 412 301 488 ingenti
324 420 432 472 conatu
455 410 492 471 de
521 411 642 471 thorace
668 411 743 471 lerri
766 414 911 486 senseris,
942 413 1058 492 oxymel

31 500 146 560 ieiunis
170 497 264 559 dabis.
301 507 331 560 et
350 500 507 561 conficitur
525 502 577 561 sic.
616 499 712 560 mellis
730 502 837 580 optimi
854 500 928 562 duas
947 510 1058 582 partes,

34 589 115 649 aceti
138 589 264 648 acrioris
292 587 351 661 albi
377 596 493 668 partem
522 607 611 649 uuam
635 605 704 648 cum
730 588 830 667 puleio
854 597 884 650 et
906 589 1057 651 radicibus

34 678 97 756 apii
120 676 227 736 viridis
249 675 346 756 pridie
361 677 476 738 xinlusis
499 677 580 738 lento
603 679 672 756 igne
696 678 785 737 simul
808 696 933 760 coques,
962 679 1085 739 donec⁵

35 765 134 825 mellis
169 765 398 826 crassitudinem
430 765 612 826 mediocrem
647 774 752 826 sumat.
807 775 880 827 tunc
917 766 953 828 ab
990 769 1059 847 igne

36 853 126 915 tolles
160 861 192 914 et
223 871 279 932 per
309 853 464 916 linteolum
495 854 641 915 mundum
669 872 844 933 expressum
871 854 999 934 liquabis
1030 864 1060 916 et

37 942 146 1003 exinde
184 942 365 1004 coclearium
392 952 444 1004 ant
476 942 535 1005 duo
563 942 754 1023 singulariter
785 943 832 1003 vel
863 962 933 1004 cum
965 946 1060 1023 apiata

37 1031 133 1092 calida
157 1029 251 1092 dabis.

131 1122 180 1180 sin
204 1138 275 1181 vero
298 1138 404 1200 aspero
429 1119 474 1180 vel
496 1119 629 1180 mordaci
652 1120 777 1181 humore
799 1113 803 1204 l
824 1140 893 1182 cum
919 1123 1061 1183 strictura
1070 1143 1094 1185 o·
1108 1133 1139 1177 18:

37 1211 134 1270 tussis
162 1209 255 1270 luerit
282 1217 443 1289 commota,
471 1210 550 1270 faeni
577 1211 677 1288 graeci
704 1227 809 1270 sucum
840 1211 904 1271 dari
933 1219 1062 1289 oportet.

38 1309 88 1358 est
116 1299 197 1359 enim
224 1296 359 1359 lenilicae
385 1300 518 1378 virtutis,
547 1301 600 1376 qni
625 1297 719 1358 valeat
746 1298 882 1358 humoris
904 1300 1061 1378 asperrimi

38 1386 136 1448 lenire
165 1385 337 1466 qualitatem
365 1396 396 1448 et
423 1389 582 1448 stricturae
611 1386 762 1465 querelam
791 1386 950 1447 relaxando
983 1389 1060 1447 miti·

40 1493 122 1555 gare.
163 1483 194 1537 et
221 1477 379 1537 conficitur
405 1475 463 1537 hoc
485 1475 582 1536 modu.
626 1476 754 1554 accipies
778 1475 897 1536 faenum
920 1493 1062 1556 graecum

39 1572 203 1644 purgatum
222 1573 253 1626 ct
271 1583 347 1643 aqua
365 1563 446 1625 dulci
468 1563 578 1625 lavabis
597 1571 631 1625 ut
653 1572 769 1625 terrosa
788 1574 887 1626 careat
910 1565 1060 1645 qualitate.
1075 1575 1102 1618 1⁶

41 1660 116 1714 tunc
136 1671 227 1733 supra
250 1655 443 1714 tenuissimos
461 1653 607 1714 carbones
625 1652 730 1714 leviter
749 1659 869 1735 coques)
891 1661 925 1714 ut
943 1671 1063 1714 omnem

41 1741 215 1803 acredinem
234 1741 371 1823 deponat,
390 1749 421 1802 et
439 1741 572 1804 secunda
590 1759 667 1820 aqua
685 1741 814 1803 mutabis
833 1743 936 1803 delusa
959 1744 1063 1822 priori,

42 1839 73 1893 et
100 1833 213 1891 iterum
236 1848 348 1909 coques
375 1832 417 1891 ita
439 1839 473 1891 ut
499 1833 564 1910 ipsa
592 1831 727 1890 decoctio
755 1830 904 1909 glutinosa
926 1833 957 1891 in
982 1832 1063 1891 simi-

41 1919 202 1981 litudinem
230 1918 340 1980 coloris
367 1921 428 1980 vini
455 1919 616 1999 redigatur.
658 1927 732 1978 tunc
759 1918 796 1979 ab
823 1921 891 1998 igne
919 1919 1006 1980 tolles
1033 1927 1064 1979 et

42 2027 98 2088 per
128 2007 285 2069 linteolum
307 2006 453 2068 mundum
475 2007 617 2090 liquabis,
641 2013 671 2066 et
699 2006 781 2068 dabis
804 2009 913 2068 ieiunis
937 2026 974 2068 ex
997 2009 1062 2086 ipso
1077 2022 1105 2062 ao

43 2115 118 2158 suco
148 2096 270 2158 calicem
293 2115 387 2158 unum
411 2095 591 2157 mediocrem
615 2095 744 2156 admixto
772 2096 868 2156 mellis
896 2095 1065 2175 despumati

44 2185 194 2249 cocleario
226 2203 295 2246 uno.
341 2193 372 2246 et
404 2187 430 2245 si
461 2185 539 2246 sorte
572 2185 668 2246 adhuc
696 2185 817 2245 minime
850 2185 941 2245 suerit
968 2184 1065 2246 soluta

43 2275 178 2336 thoracis
206 2275 395 2355 constrictio,
422 2275 501 2334 inter
527 2273 663 2354 scapulas
691 2274 770 2334 circa
799 2273 935 2354 spondyli
965 2274 1064 2334 locum

34 2365 269 2444 ,praeraporatis
292 2361 428 2442 partibus
452 2362 605 2423 scarilabis
625 2371 655 2423 et
677 2379 733 2441 per
753 2361 926 2423 cucurbitae
946 2371 1065 2442 raptum

45 2459 268 2533 competentem
291 2452 445 2529 sanguinis
468 2451 547 2530 quod
568 2451 742 2511 relaxationi
765 2451 916 2511 faciendae
936 2451 1064 2512 sufficiat
1078 2464 1106 2505 25

120 2594 135 2642 1
155 2585 199 2641 sin
222 2603 266 2656 pe:
290 2586 314 2640 si
332 2603 363 2655 p.
454 2585 564 2640 coliode
584 2586 665 2655 (-de
679 2588 713 2656 p)
730 2603 790 2655 pop.
881 2591 898 2638 2
917 2585 1021 2640 oximel
1038 2602 1065 2655 9,

45 2676 81 2714 ex
98 2659 215 2714 melleo
233 2657 327 2726 (huius
343 2656 481 2712 oximellis
496 2656 699 2712 confectionem
709 2661 751 2726 p).
824 2663 840 2711 3
861 2660 890 2711 et
902 2674 932 2727 p:
952 2657 1026 2724 quod
1041 2674 1063 2712 c.

45 2731 118 2786 dnus
135 2731 233 2800 partes
251 2746 282 2810 p:
300 2730 395 2798 partes
414 2727 441 2782 II
460 2744 501 2796 cp.
605 2729 734 2783 decocti
750 2745 775 2797 9.
879 2727 1020 2782 radicibus
1039 2745 1065 2785 a.

45 2800 147 2857 viridis
166 2799 314 2868 (viridrbus
329 2802 353 2869 e)
372 2817 399 2869 p.
413 2797 514 2853 infusis
528 2814 574 2868 cp:
593 2799 701 2854 radices
715 2816 740 2853 a.
754 2799 859 2854 virides
873 2816 901 2868 p.
919 2798 1025 2852 infusas
1038 2815 1064 2868 9.

47 2880 245 2942 Ὶοιριθεειιιιι
263 2888 309 2941 cp:
328 2873 358 2926 et
375 2886 502 2940 pressum
519 2887 545 2941 9.
621 2876 654 2925 10
673 2870 716 2924 sin
733 2887 780 2942 pc:
805 2871 829 2924 si
843 2887 874 2939 p.
948 2869 1066 2923 coctura

44 2960 64 3014 9
84 2946 127 3012 (ut
146 2959 235 3012 snpra
247 2959 279 3012 p.
299 2947 347 3008 72,
366 2946 384 2996 6
408 2939 610 3008 condictione).
720 2947 752 2995 11
776 2941 852 2995 foeni
874 2957 892 3010 9
914 2939 990 3007 (fanu
1013 2943 1064 3009 cp),

48 3021 83 3069 12
102 3014 152 3083 qui
170 3017 200 3082 (q
219 3016 243 3083 c)
262 3028 307 3082 pc:
327 3029 380 3082 que
400 3015 440 3081 (ᾷ)
455 3028 485 3080 p.
596 3018 630 3066 14
650 3012 735 3067 ioenn
755 3012 830 3082 (-ni
847 3013 889 3080 9⁰)
907 3028 1021 3081 grecum
1039 3028 1065 3082 9,

46 3085 233 3154 fenugracum
253 3101 275 3152 c,
293 3084 437 3153 fenugreci
450 3099 481 3152 9.
569 3088 602 3137 16
621 3082 722 3138 leuiter
739 3101 769 3154 9:
788 3082 890 3136 leniter
908 3099 949 3152 cp.
1032 3088 1065 3138 1r

47 3156 174 3212 secunda
198 3173 272 3225 aqua
297 3155 359 3224 (oio)
384 3171 445 3224 pop.
553 3154 708 3208 defusa-
733 3155 789 3223 (20)
816 3153 938 3222 liquabis
964 3170 1015 3211 om.
1043 3171 1065 3209 c.

46 3226 138 3298 priori
152 3227 213 3296 (sie)
226 3243 271 3296 99.
344 3231 378 3279 23
394 3225 517 3294 spondili
531 3224 611 3292 (-lii
624 3227 649 3295 c)
663 3242 707 3295 pc:
724 3224 927 3294 spondiliorum
943 3226 1065 3296 (loca)p.

46 3303 87 3354 24
104 3297 274 3353 sacrificabis
297 3314 338 3366 cp.
448 3295 622 3350 cucurbitam
643 3312 662 3365 9
685 3298 760 3366 (-te
779 3297 830 3365 ep).
926 3301 973 3350 -25
994 3314 1067 3351 com·

46 3369 180 3440 petenter
199 3385 220 3423 c.
307 3367 463 3436 sanguinis:
483 3366 649 3436 sangninem
668 3384 729 3439 pap.
815 3368 896 3435 quod
913 3384 961 3435 uc·¹
977 3368 1034 3430 opi
1046 3380 1081 3428 u.

46 3439 101 3494 rel.
112 3438 234 3493 faciendi
244 3439 424 3496 sufficiendae
440 3437 566 3496 sufficiat
576 3440 638 3512 (tio)
649 3457 676 3512 9,
687 3441 744 3496 rel.
752 3438 887 3495 sutirum
896 3437 986 3496 iuteo.
993 3435 1105 3493 omnn-
