2318 3788
464 203 507 214 ..
553 166 685 237 35,-

56 331 152 394 sugae
186 314 318 394 possint,
353 311 468 373 levibus
499 311 593 392 plagis
626 310 792 392 scarilabis,
824 322 855 372 et
886 311 1003 374 dnobus
1036 313 1081 373 vel

56 402 159 466 tribus
188 403 374 480 interpositis
402 400 508 462 diebus
535 400 708 461 dialoretico
737 400 945 480 cataplasmata
977 403 1080 480 uteris,

56 492 88 552 ld
117 499 166 552 est
195 490 301 551 bordei
329 489 447 570 pollinis
474 497 575 570 partes
604 488 677 549 duas
704 488 757 549 lini
780 491 902 551 seminis
928 499 1044 568 partem
1068 491 1080 549 l

58 591 88 641 et
122 581 204 641 lacni
236 581 336 658 graeci
372 578 523 654 dimidiam
558 586 674 656 partem
710 577 824 639 adiecto
861 579 977 639 modico
1014 578 1079 638 oleo

58 687 174 748 coques
198 670 229 728 in
253 685 329 746 aqua
353 666 428 728 salsa
451 675 482 727 et
505 665 741 748 cataplasmatis,
770 669 990 747 praevaporatis
1014 681 1107 747 par-5

59 757 141 819 tibus
165 759 300 836 spongiis
324 775 361 817 ex
383 773 459 834 aqua
483 753 575 817 calida
600 754 675 815 salsa
698 758 860 834 expressis:
884 756 1005 817 cottidie
1029 756 1078 817 ali·

59 848 181 926 quantis
210 843 316 905 diebus
342 843 512 906 inmutabis.
554 862 609 904 nec
637 862 698 904 non
721 846 810 905 etiam
839 853 868 905 et
898 844 996 905 dialon
1019 864 1078 905 em·

58 935 208 1014 plastrum
236 934 362 994 inferius
389 951 443 994 suo
474 932 540 993 loco
568 934 771 1012 conscriptum
802 942 871 1012 post
903 933 1080 1013 cataplasma

59 1027 207 1104 impones,
244 1022 389 1082 cavendae
408 1030 528 1100 praeter
546 1039 581 1081 ea
603 1023 683 1082 inter
702 1023 766 1101 ipsa
784 1023 868 1082 initia
889 1022 1079 1083 vehementes

60 1111 258 1174 saccellornm
285 1112 500 1190 vaporationes.
542 1111 653 1170 etenim
681 1111 818 1170 nimietas
841 1113 957 1190 vaporis
980 1111 1120 1173 locum10

61 1200 213 1262 dolentem
237 1207 267 1259 et
290 1207 456 1260 tumentem
478 1201 510 1258 in
533 1197 675 1259 saniolam
699 1201 832 1260 converti
855 1201 942 1278 cogit.
980 1199 1080 1260 obser-

59 1307 127 1350 vare
152 1290 244 1350 etiam
268 1296 386 1368 oportet
409 1295 563 1366 aegrotum
587 1305 603 1346 a
626 1289 693 1347 vino
713 1296 743 1347 et
762 1287 798 1347 ab
822 1286 960 1347 omnibus
984 1291 1078 1348 carni·

59 1377 128 1460 bus,
154 1376 399 1456 quadrupedibus
423 1385 453 1437 et
475 1375 651 1437 volatilibus.
687 1375 788 1436 holera
816 1383 931 1436 tantum
955 1378 1080 1456 accipiat

61 1485 135 1546 quae
160 1467 222 1526 sint
246 1463 405 1544 digestioni
428 1467 588 1545 aptissima.
626 1464 678 1526 sed
698 1467 758 1525 sia
781 1467 849 1525 vino
869 1483 928 1525 non
947 1467 1079 1545 potuerit

60 1555 218 1633 abstineri,
241 1562 366 1632 propter
388 1552 623 1615 imbecillitatem
646 1553 790 1614 stomachi
813 1555 902 1614 nimie
924 1557 1077 1634 aquatissi·
1094 1567 1119 1606 1⁵

59 1661 141 1705 mum
175 1641 332 1703 concedes.
385 1645 432 1703 sin
465 1660 534 1702 vero
567 1642 625 1702 loci
660 1645 800 1721 patientis
837 1642 920 1703 dolor
958 1645 1077 1704 midime

60 1733 209 1812 quieverit
232 1739 263 1791 et
286 1731 322 1791 ad
345 1731 534 1792 nutriendam
559 1733 671 1792 saniem
698 1740 849 1810 apostema
878 1731 1079 1813 declinaverit,

59 1830 132 1882 tunc
153 1821 329 1898 empyoticis
348 1820 503 1880 adiutoriis
521 1822 566 1880 uti
586 1828 704 1900 oportet
721 1819 751 1880 id
771 1829 817 1881 est
840 1839 915 1900 quae
937 1820 1078 1882 saniolam

58 1911 176 1970 nutrire
210 1907 338 1990 valeant,
366 1917 400 1969 ut
428 1917 473 1969 est
500 1908 677 1987 cataplasma
705 1927 740 1968 ex
771 1911 870 1969 resina
885 1909 1078 1988 ¹terebintina

58 2007 88 2059 et
110 1996 223 2078 polline
251 1998 369 2057 triticeo
394 1999 533 2076 superius
556 1996 592 2056 ad
616 1997 804 2057 maturandas
834 1997 984 2076 parotidas
1008 2016 1076 2057 con·
1092 2012 1118 2051 2⁰

57 2089 215 2167 scriptum.
257 2084 309 2144 sed
338 2085 444 2162 melius
472 2086 505 2144 fit
533 2104 601 2145 cum
630 2085 802 2145 decoctione
825 2087 989 2146 caricarum
1013 2088 1077 2164 pin·

57 2177 171 2255 guium.
210 2191 305 2252 coque
325 2176 414 2234 etiam
434 2181 464 2234 et
481 2175 652 2253 psittacium
671 2173 864 2253 emplastrum
882 2176 927 2235 uti
950 2183 1077 2253 oportet.

57 2263 137 2325 aliud
157 2271 241 2329 certe
264 2262 372 2323 maline
396 2261 568 2341 Vespasiani
591 2262 783 2341 appellatum:
811 2265 892 2323 novit
915 2265 994 2323 enim
1017 2281 1077 2326 uon

131 2511 146 2558 1
166 2504 277 2558 lenibus
296 2521 318 2559 c.
410 2502 555 2558 ecarifabie
573 2520 603 2571 p:
623 2503 792 2559 sacrificabis
811 2521 857 2572 cp.
939 2511 956 2558 4
975 2505 1033 2630 iqui
1051 2523 1078 2574 q,

57 2577 125 2631 fena
145 2592 167 2631 e.
242 2579 307 2630 tet
324 2574 427 2630 cotidie
441 2592 472 2644 p.
565 2577 628 2629 iet
646 2592 696 2631 om.
711 2593 734 2645 p
752 2577 821 2641 (noa
838 2579 890 2644 pc).
1000 2576 1078 2631 ialon

57 2642 107 2717 (δι’
127 2642 215 2715 ἁλῶν)
233 2662 278 2715 qe:
299 2645 410 2700 dialoen
424 2662 455 2715 p.
538 2652 553 2700 9
572 2647 665 2714 iponis
683 2664 743 2716 pap.
830 2645 944 2700 Cavend
961 2664 1006 2716 qe,
1026 2647 1076 2702 Ca-

56 2718 149 2774 rendo
164 2734 195 2786 p.
286 2734 303 2771 a
321 2717 483 2772 vehementi
501 2735 521 2770 e.
543 2717 743 2785 evaporatione
759 2734 788 2786 p.
878 2723 910 2771 10
929 2719 947 2774 l.
967 2721 1076 2773 tumen-

55 2793 116 2844 tem
135 2789 297 2859 (timentem
315 2791 340 2857 c)
359 2791 389 2842 et
406 2788 548 2843 dolentem
567 2805 600 2856 cp
715 2795 746 2842 13
767 2807 794 2857 q.
814 2790 887 2844 etv.
906 2806 936 2858 9:
956 2790 1076 2859 quadru-

54 2859 177 2930 pedibus
195 2858 360 2914 volatilibus
380 2876 403 2926 c,
422 2858 645 2928 quadrupedium
663 2858 822 2915 volatilium
837 2877 867 2928 p.
948 2867 979 2914 13
999 2861 1076 2917 olera

54 2949 115 3001 qap.
225 2931 337 2985 tantum
355 2947 385 2999 9:
404 2931 501 2984 tamen
520 2932 572 2999 (tn)
587 2947 617 2999 p,
637 2946 686 2985 om.
707 2947 729 2986 c.
839 2937 873 2984 14
892 2931 1075 3000 potuerinta,

54 3002 181 3084 poterint
197 3018 227 3071 p.
312 3008 345 3056 15
365 3000 499 3056 abstineri
516 3018 546 3070 q:
566 3019 631 3056 —re
650 3019 690 3071 cp.
779 3009 810 3056 lt
831 3001 1013 3056 declinaverit
1030 3021 1075 3072 pc:

54 3072 237 3128 inclinaverit
246 3090 276 3141 p.
341 3077 373 3126 18
390 3073 496 3142 empy(i
510 3071 636 3142 cploticis
650 3089 701 3142 qap
714 3073 814 3142 (Sim).
879 3072 1014 3128 aaniolam
1030 3092 1075 3144 qe:

54 3143 162 3199 saniem
178 3161 209 3213 p.
305 3149 340 3197 20
359 3143 548 3212 conscriptum
566 3147 608 3199 est
627 3146 672 3213 (÷
690 3146 718 3213 9)
736 3161 788 3213 pop
805 3145 882 3208 (inde
900 3150 982 3200 natea
1000 3147 1076 3215 quod

55 3215 184 3284 superius
210 3232 233 3284 p
256 3219 281 3268 ct
303 3217 336 3269 ut
358 3215 485 3284 superius
509 3220 542 3284 c).
646 3220 685 3268 '22
711 3214 786 3284 psy(i
804 3215 936 3284 c)tacium
954 3234 999 3287 qe,
1021 3219 1075 3286 pei·

53 3289 138 3342 toton
153 3303 183 3356 p.
266 3291 300 3339 23
319 3285 421 3340 maline
440 3303 466 3355 p,
485 3287 569 3342 malie
588 3303 611 3355 e,
629 3285 736 3340 mll'me
750 3304 781 3356 p.
867 3289 1027 3357 vespasiani
1044 3307 1074 3358 p:

54 3357 216 3428 vespasiam
231 3373 253 3423 c,
272 3356 447 3427 vaspassiani
458 3375 488 3427 p.
561 3377 597 3412 m.
618 3373 694 3425 vesp.
715 3357 889 3427 appellatum
908 3377 934 3414 c:
953 3379 989 3414 m.
1009 3378 1074 3430 app.

54 3446 133 3498 vesp.
153 3446 198 3499 pp.

900 3517 940 3571 «δὴ
