2318 3788
516 192 555 202 -
604 156 759 222 222-

203 295 364 352 Motbeus
381 295 571 351 Siloattous
589 296 621 348 ia
639 295 709 350 libro
725 294 931 351 Pandootoram
949 311 961 350 u

129 383 187 422 noa
204 368 386 438 interpolatae
408 367 443 434 of.
464 367 560 439 Meyer
580 365 672 421 Gesot.
692 367 718 422 d.
738 367 803 422 Bot.
823 367 881 433 IV,
901 368 961 434 173]

129 455 150 494 o.
174 443 229 495 419
252 455 273 494 a.
297 438 401 508 „Lapis
424 437 517 508 piritio
535 437 663 492 Plinius.
679 480 685 493 .
701 480 708 493 .
723 436 834 493 Cassius
852 437 932 492 Felix
956 438 961 492 i

129 509 286 580 capitulo
308 509 383 579 lapis
405 508 499 579 piritis
523 508 542 564 i.
565 507 671 564 focaria
693 526 784 578 aquo
803 526 853 578 per
872 509 961 564 allisio

129 581 176 636 vel
194 580 312 636 alterius
330 580 372 635 rei
390 580 458 635 dure
476 580 551 650 ignis
569 580 671 634 evolat.
698 581 748 635 sed
762 579 886 636 Galenus
905 581 936 634 in
955 599 961 634 i

129 655 246 708 uouem“
274 656 320 706 eto.
358 668 428 721 qaae
454 652 528 707 nuda
550 655 641 706 sumta
663 652 720 706 stat
741 653 839 708 nacto.
876 668 934 706 noa
959 680 961 703 ι

129 724 208 792 opud
225 721 376 790 Siasooem,
394 739 408 778 e
425 739 479 793 qao
498 723 547 792 qai
564 724 624 793 ipso
640 721 734 778 Cassio
747 739 805 779 aon
820 739 887 778 aeas
901 724 938 777 sit
953 724 961 792 (

128 799 199 849 reete
223 795 323 849 statuit
348 794 399 850 Me
418 811 447 849 er
472 792 564 849 Gesod.
591 794 640 849 der
663 794 788 849 Botaae't
812 794 864 862 IV,
892 796 954 863 los)

131 863 222 920 Gessit
239 865 320 921 babet
334 865 373 920 M
419 881 480 933 aas,
498 864 571 920 oelat
583 880 605 920 s.
623 865 741 934 daucus,
759 865 869 933 libiade
888 867 961 920 meta

127 935 263 992 trotioum
289 937 319 1005 (i.
337 937 540 1006 metrenoites),
563 936 694 1005 molibdi‚
717 937 883 1006 piesmatos‚
907 953 961 1006 reg

131 1006 262 1064 rizonoia.
298 1008 351 1062 illo
367 1009 456 1080 initas
474 1008 507 1062 de
525 1008 628 1078 pyrite,
650 1024 720 1076 quoe
742 1009 780 1063 oct
803 1009 904 1063 libram
925 1024 961 1077 qa

125 1078 244 1148 pliotam
264 1080 403 1148 petinere
425 1079 568 1144 videntum,
593 1080 700 1135 testium
723 1079 881 1146 confodunt
904 1079 961 1134 deb«

129 1166 199 1218 qaae
223 1150 295 1206 idom
320 1150 462 1206 Mattheus
486 1150 565 1205 babet
590 1166 612 1205 o.
638 1155 677 1205 88
701 1152 751 1205 sab
776 1150 956 1220 „Brufulendi

129 1220 210 1276 Felix
229 1237 289 1292 cap.
309 1221 344 1276 de
363 1221 498 1292 petrolso.
530 1220 691 1276 Petroleum
710 1224 753 1276 est
771 1223 864 1277 oleum
883 1223 961 1290 petre

129 1293 224 1348 autem
242 1292 273 1346 in
290 1291 359 1348 locis
377 1292 513 1348 sulfureis.
546 1292 579 1346 fit
600 1291 674 1348 enim
693 1309 757 1346 oum
775 1293 918 1363 pinguedo
936 1295 961 1348 te

129 1363 240 1418 actione
266 1363 368 1418 oaloris
396 1364 432 1419 ad
457 1364 555 1432 igneas
581 1363 753 1419 convertitur
775 1366 887 1434 purtes“
913 1367 961 1418 eto.

131 1431 235 1502 (lossii,
259 1435 306 1490 sed
325 1435 465 1490 Plotsarti
482 1450 517 1489 ex
539 1435 609 1490 libro
629 1434 722 1503 (Circa
740 1437 858 1504 instans)
877 1437 910 1491 de
928 1436 961 1489 sis

130 1505 195 1560 otuu
212 1521 234 1560 s.
253 1521 277 1561 o.
299 1504 468 1561 Petrolsum·.

532 1686 744 1694 u—-——

472 1849 806 1923 mmmm

585 2026 691 2035 ——-.

127 2155 163 2198 ot
177 2141 269 2196 minus
279 2159 296 2197 a
306 2143 389 2199 solito
404 2143 551 2199 excludere
568 2150 609 2200 19.
683 2161 739 2200 non
757 2145 884 2215 potuerit
903 2146 961 2200 abst

146 2228 164 2267 a
201 2212 283 2268 solito
320 2213 412 2270 minus
446 2214 540 2270 eibum
572 2217 609 2284 (1,
683 2216 961 2286 cummisanguinem

144 2285 303 2353 posumus)
318 2284 460 2355 accipiant
478 2292 501 2340 1.
516 2293 560 2341 33.
576 2317 609 2326 -
683 2287 824 2343 omission
857 2287 961 2342 abstine

145 2353 287 2410 abalneo
315 2373 380 2422 mox
401 2356 468 2412 lotis
492 2362 534 2412 45.
574 2357 609 2412 ab
682 2364 725 2415 42.
749 2358 877 2414 decoctio
888 2358 961 2414 obsti

145 2423 371 2496 aegritudinibus
386 2429 431 2496 (=
445 2433 510 2497 post
524 2432 608 2500 osor.)
682 2436 724 2485 48.
753 2429 878 2484 abstinet
887 2430 961 2485 sudo:

146 2503 188 2552 17.
682 2501 797 2556 fluvium
816 2500 944 2556 matricis

127 2567 182 2625 aba
210 2568 247 2624 ab
275 2569 421 2625 stomacho
448 2575 532 2639 942.
574 2572 609 2626 ab
683 2577 725 2626 82.
761 2571 840 2626 aliud
864 2572 900 2626 ad
924 2587 960 2626 vo

145 2641 173 2708 (a
188 2640 220 2709 p)
240 2639 337 2709 splene
355 2656 371 2696 o
388 2646 432 2695 43.
682 2642 828 2697 tinendum
849 2649 892 2697 42.
932 2643 961 2697 si]

127 2709 248 2767 abortio
263 2716 279 2764 9
294 2710 446 2782 (frequenti
462 2711 609 2768 aborsione
681 2713 808 2769 rantibus
838 2714 961 2770 abstinet

143 2783 184 2838 sio
197 2798 220 2851 p
239 2783 293 2851 82).
681 2787 779 2840 venter
803 2785 961 2840 abstinueri

58 2867 68 2880 ·
126 2851 610 2922 absconsus21(efi1ttouet‚1toto
664 2872 814 2928 gameno
832 2889 851 2943 9
871 2879 904 2927 36
929 2875 961 2942 (ω,

125 2927 329 3053 sititianum
347 2996 388 3052 sie
405 3011 438 3065 cp
457 2998 485 3066 (o
505 2997 539 3063 1),
559 2997 607 3051 ab·
662 2944 961 3103 „fflsststilcshtacsbs

40 3115 41 3118 ,
144 3066 608 3136 sentium9(21.4t‚atsem1oer

142 3121 926 3208 mmmmmmmmffl

145 3209 191 3278 X,
219 3211 269 3266 ati
296 3207 477 3278 absynthium
505 3224 608 3279 semper
680 3192 720 3261 (Ρ
720 3194 769 3247 lm·
789 3198 842 3261 24>
860 3200 915 3249 110
935 3199 960 3250 el

144 3278 252 3336 Cassia.
270 3296 291 3337 s.
313 3279 385 3350 XI).
661 3282 791 3338 aoautha
836 3283 961 3353 aegyptis

126 3349 296 3421 abstineres
325 3367 343 3406 a
369 3351 434 3407 vino
460 3354 607 3422 aegrotum
680 3348 804 3427 ἀραβική
823 3354 918 3410 Dioso.
938 3360 961 3411 2,

144 3421 299 3478 abstinebis
318 3427 360 3478 ot.
381 3428 423 3478 66.
457 3421 481 3477 si
504 3440 521 3478 a
543 3423 607 3480 vino
680 3425 814 3496 aegyptia
832 3443 853 3482 s.
872 3425 961 3482 arabis
