2318 3788
394 223 438 232 ,
484 187 527 253 85
571 222 616 233 ..

35 331 80 394 tolli
104 351 201 414 pruna
230 333 362 394 resolves
385 342 415 394 et
442 332 574 394 movebis
602 333 697 394 donec
721 333 903 413 coaguletur.
939 343 1012 396 tuno

35 438 88 483 lanu
118 422 260 484 calefacta
291 440 478 504 perungues,
510 430 540 484 et
571 430 640 501 post
670 424 899 502 perunctionem
931 423 1013 485 molli

35 529 68 571 ua
93 510 203 573 tutahis
234 511 299 572 loca
331 519 362 573 et
394 509 540 572 fasciabis.
588 510 640 572 sed
669 520 787 590 oportet
818 513 915 590 primo
947 511 1012 572 loca

35 598 123 662 olentia
146 599 236 662 simul
259 618 328 662 cum
352 602 438 680 spina
459 599 579 660 sacculo
602 599 696 661 calido
717 618 860 680 vaporare
883 619 920 660 ex
942 618 1010 662 can·

35 686 82 761 liro
110 689 156 751 vel
191 691 286 751 tritici
322 689 416 752 larina
447 689 583 751 conlecto
617 697 647 750 et
679 688 820 751 sudorem
853 692 1013 751 excitatum
1040 703 1054 744 ⁵

35 780 81 838 tnui
106 787 135 839 et
163 777 307 840 calefacto
336 777 458 839 linteolo
485 777 657 858 detergere,
684 786 715 839 et
742 780 786 839 sic
814 797 905 857 supra
933 778 1013 840 dicto

35 866 211 928 redcamento
243 885 443 947 perunguere.
489 866 619 928 dandum
651 869 741 928 etiam
772 869 805 927 in
834 870 956 946 potione
984 877 1015 928 et

35 963 164 1017 astorcum
199 964 285 1017 rutae
317 956 395 1018 loliis
427 955 591 1017 admixtum
623 963 674 1017 aut
707 958 886 1035 opopanacis
918 955 1013 1017 obolis

35 1042 114 1107 uoltus
144 1043 176 1105 id
210 1054 256 1106 est
286 1043 417 1124 scripulo
447 1063 521 1126 uno,
553 1044 600 1104 vel
632 1047 741 1106 ceteris
773 1044 945 1124 potionibus
977 1062 1015 1106 ex

35 1140 131 1194 estoreo
151 1134 297 1195 coniectis
315 1133 556 1199 diurnisidiehus
575 1135 620 1194 uti
638 1141 766 1212 oportet.
808 1133 1014 1195 declinationis
1029 1148 1055 1188 ιο

35 1235 131 1300 tmpore
162 1224 252 1284 etiam
275 1231 305 1283 et
328 1224 509 1284 cerotarium
532 1240 569 1282 cx
596 1221 748 1300 diaquilon
771 1222 941 1283 conlectum
963 1240 1013 1301 ap·

35 1324 101 1372 ones.
136 1321 167 1373 et
190 1312 348 1372 coniicitur
372 1313 424 1372 sic.
466 1329 566 1391 cerae,
594 1310 688 1390 adipis
715 1312 833 1390 porcini
856 1312 920 1373 sine
944 1310 1014 1385 sale,

35 1395 145 1476 laprilon
175 1400 397 1481 medicamenti,
430 1402 563 1461 omnium
589 1401 681 1460 trium
709 1401 792 1478 paria
821 1398 954 1478 pondera
982 1401 1013 1460 in

35 1501 63 1545 no
87 1489 240 1550 consolves
267 1488 348 1550 lento
371 1506 495 1571 vapore,
526 1497 556 1550 et
578 1487 615 1548 ab
637 1490 706 1567 igne
727 1486 733 1564 l
752 1487 839 1549 tolles
862 1497 893 1549 et
914 1506 1011 1549 move·
1024 1514 1047 1552 r·
1063 1503 1093 1542 1⁹1⁴

35 1573 54 1633 is
72 1576 160 1639 donec
185 1577 367 1657 coaguletur.
405 1578 512 1639 dehinc
536 1578 623 1639 rades
646 1586 677 1638 et
700 1578 803 1639 uteris.
821 1570 831 1658 ll
1028 1591 1053 1631 1⁵

248 1736 418 1798 XXXVllll.
456 1737 503 1798 dd
529 1740 759 1817 emoptyicos.
1025 1749 1093 1802 (on

85 1861 274 1942 Emoptyicos
289 1860 386 1924 Latini
401 1864 576 1941 sanguinem
591 1870 733 1941 spuentes
748 1861 905 1941 appellant.
938 1880 1014 1940 quos

35 1954 98 2011 utem
128 1954 160 2011 in
188 1952 327 2030 passione
355 1952 549 2030 constitutos,
584 1952 609 2010 si
641 1952 719 2010 forte
752 1969 788 2010 ex
820 1953 1014 2028 respiratorio

35 2041 219 2101 tteraueorum
238 2039 386 2120 membro,
410 2038 490 2117 quod
509 2038 615 2098 Graeci
638 2040 874 2117 anapneusticon
897 2041 1014 2100 morion

35 2136 113 2211 tcant,
147 2129 301 2207 sanguinis
333 2129 425 2188 luerit
453 2127 545 2207 liuor,
582 2129 719 2206 sequitur
751 2126 894 2188 tussicula
925 2127 1012 2188 vehe-
1027 2143 1054 2183 ao

72 2304 84 2351 1
101 2315 223 2369 pumap
241 2299 289 2366 (ad
302 2315 406 2367 prunos
423 2298 522 2365 Peon:
541 2298 635 2367 prima
652 2315 693 2366 cp.
772 2299 936 2369 coagolstur
953 2316 1013 2369 pop.

41 2364 135 2426 tutabis
152 2386 198 2439 pc:
218 2369 332 2424 tubabis
346 2387 377 2439 p.
468 2373 484 2422 ὁ
505 2369 604 2423 sudore
628 2369 750 2425 excitato
770 2387 792 2425 c.
884 2378 900 2426 6
921 2370 1013 2426 calido

35 2449 92 2509 torp.
106 2460 116 2495 1
131 2438 149 2496 d
164 2439 319 2510 calesc’dlp.
393 2441 538 2510 detergere
547 2457 596 2511 pp:
611 2439 748 2495 exsticare
759 2442 788 2508 (i.
799 2458 820 2496 e.
831 2442 981 2512 exsiccare)
991 2459 1013 2496 c.

35 2506 282 2583 dacpipopanacis:
293 2512 334 2566 sic
342 2528 401 2583 pop.
457 2511 553 2567 obolos
563 2512 633 2567 duos
642 2528 669 2581 9,
679 2510 752 2566 obol'
762 2511 789 2565 H
798 2528 821 2580 c,
831 2512 910 2567 obuli
920 2512 976 2566 dno
981 2530 1012 2582 p.

41 2577 66 2632 1d
81 2585 121 2639 est
137 2601 168 2653 p:
187 2582 234 2637 vel
252 2599 279 2651 c,
299 2584 373 2653 etp.
447 2587 512 2653 soff
529 2598 555 2651 9,
575 2587 654 2653 semp
668 2601 691 2654 c,
712 2592 776 2652 39.
861 2600 918 2638 uno
937 2584 1013 2653 (sion

35 2660 83 2731 lum
99 2672 124 2725 9,
143 2655 156 2707 Ι
176 2671 217 2723 cp.
327 2652 427 2709 moeris
447 2652 631 2724 potionibus:
647 2697 653 2710 .
669 2698 675 2710 .
691 2653 827 2710 confectis
845 2671 881 2724 p:
906 2656 1013 2709 ceteras

35 2718 122 2781 >hones
137 2767 143 2781 .
160 2764 167 2778 .
183 2765 189 2778 .
206 2723 347 2780 confectas
364 2741 405 2795 pc.
480 2731 513 2779 10
528 2724 634 2779 diurnis
647 2743 691 2796 pc:
712 2725 849 2781 diuturnis
863 2742 887 2794 p
905 2725 1013 2795 (Petu).

35 2795 80 2848 et
96 2813 144 2852 ouo.
165 2813 207 2866 op.
316 2795 461 2866 diaqnilon
478 2813 509 2867 9:
538 2796 680 2851 diachilon
700 2814 726 2864 a,
751 2795 921 2866 diaclilonp
941 2797 1014 2864 (item

35 2859 94 2934 fra).
174 2873 207 2921 12
227 2883 308 2922 caere
326 2884 356 2937 9,
376 2869 437 2924 oeta
456 2884 483 2937 c,
509 2863 539 2923 dd
553 2883 585 2936 p.
658 2866 781 2938 adipidis
800 2867 860 2937 (sio)
879 2883 905 2937 9.
979 2873 1013 2921 13

35 2933 119 3007 unium
141 2939 228 2994 trium
247 2953 298 2993 orn.
313 2955 344 3008 p.
454 2945 487 2992 14
505 2955 561 2993 uno
580 2939 641 3008 (sic)
667 2956 727 3009 pop.
836 2955 932 2994 moves
952 2955 1012 3008 pop.

35 3012 208 3080 *coagolctur
221 3026 281 3080 pop.
353 3011 449 3066 rades:
468 3010 563 3065 trades
582 3027 604 3067 o.
679 3017 711 3065 15
728 3026 780 3080 sap.
800 3009 847 3063 Ad
864 3009 1013 3065 asmaticos
1085 3008 1088 3013 ’

35 3108 75 3162 9.
144 3106 178 3155 16
197 3098 255 3169 Cap
273 3097 314 3152 ΙΙΙ
332 3098 368 3153 ad
388 3099 561 3170 emoptoicos
578 3115 609 3168 9,
626 3097 672 3152 Ad
691 3098 864 3168 emoptoicos
883 3090 922 3153 nd
941 3099 971 3168 (i.
990 3116 1011 3153 e.

35 3161 76 3286 'il
92 3176 125 3308 3⁹
145 3168 754 3298 ⁰‘1lltt⁸dll:¹²t¹¹¹lllltd²⁰m²⁹
782 3169 834 3296 ti
852 3172 1013 3298 {ltili

35 3313 56 3356 *0
67 3255 127 3367 ἔξω
133 3330 155 3396 p
166 3315 227 3396 (qui
240 3258 476 3369 monzonslitrfti’s
486 3329 541 3383 pro
552 3315 630 3367 -toa
643 3257 697 3382 91905.
764 3259 804 3367 {9
819 3259 1013 3369 intraneorgni

35 3379 157 3520 *⁸122qu
159 3401 187 3510 1c,
200 3385 365 3526 ιέιὲθῗοωω
379 3385 568 3439 membrorum
579 3401 609 3455 p.
673 3384 753 3454 quod
764 3385 821 3454 tul
833 3401 865 3440 cs
875 3401 938 3453 uus
950 3387 1028 3447 utpi-
