2318 3788
456 185 674 248 ..25-

51 329 143 403 duas,
185 328 320 389 cimoliae
352 337 382 390 et
415 329 567 410 sulphuris
599 331 657 390 vivi
688 339 789 410 partes
826 331 969 413 singulas,
1006 331 1075 392 salis

51 418 208 479 modicum
237 435 305 478 cum
333 426 417 479 aceto
446 418 535 479 simul
561 427 642 479 teres
666 427 695 479 et
718 417 823 479 illines.
865 419 953 480 aliud.
990 417 1075 499 buty-

53 526 123 568 rum
148 525 219 567 cum
238 506 299 566 sale
322 509 426 568 tritum
453 507 551 567 illines
575 514 605 567 et
633 525 724 586 super
746 507 843 568 lanam
866 508 999 569 sucidam
1021 511 1075 568 im·

52 614 150 676 pones
175 603 206 656 et
228 594 341 674 ligabis.
379 596 465 656 aliud.
503 595 681 675 plantaginis
704 595 772 656 folia
794 605 861 657 ante
881 597 951 657 solis
975 605 1075 657 ortum

55 684 183 745 collecta
206 701 275 744 cum
298 701 373 763 pane
397 703 486 764 posca
511 685 587 745 salsa
608 684 708 745 inluso
732 685 969 764 cataplasmabis:
993 692 1103 746 sanato

55 782 85 835 et
112 773 283 852 disrumpit.

146 859 227 921 aliud
256 861 432 940 cataplasma
459 861 495 921 ad
523 861 713 922 maturandas
740 863 899 941 parotidas.
940 864 972 923 in
1001 880 1078 943 aqua

56 951 153 1011 mulsa
186 948 304 1028 adipem
335 952 494 1029 porcinum
521 953 622 1011 mittes
650 959 680 1010 et
708 952 837 1011 resinam
867 949 1078 1012 terebintinam

57 1039 221 1100 sufficienti
248 1037 350 1118 modo,
383 1046 414 1098 et
440 1041 471 1098 iu
499 1057 559 1099 rino
588 1039 755 1120 consolves,
788 1048 819 1100 et
846 1058 915 1101 cum
945 1043 1078 1120 coeperit

56 1126 165 1188 bullire
186 1128 287 1187 mittes
305 1126 432 1206 pollines
453 1129 544 1188 tritici
564 1127 850 1209 superaspergendo‚
873 1136 904 1189 et
921 1129 1078 1190 inductum
1093 1142 1119 1181 10

56 1217 280 1296 praevaporatis
306 1214 443 1294 partibus
471 1235 507 1276 ex
535 1219 657 1295 spongia
690 1219 732 1276 sic
765 1235 904 1296 appones.
947 1226 977 1278 et
1010 1235 1078 1278 oum

56 1303 133 1365 bene
158 1305 387 1385 maturaverint,
410 1307 441 1364 iu
460 1305 610 1365 schemate
630 1303 769 1364 loliorum
792 1304 868 1365 lauri
892 1313 943 1365 aut
966 1313 1078 1384 myrtae

58 1393 211 1472 chirurgia
238 1394 333 1452 uteris
358 1400 388 1453 et
415 1399 483 1472 post
507 1396 671 1454 sectionem
694 1395 892 1453 communiter
915 1401 949 1454 ut
979 1402 1079 1454 cetera

57 1489 242 1562 apostemata
265 1479 398 1563 curabis,
430 1483 518 1542 etiam
542 1490 572 1542 et
596 1500 687 1562 super
709 1481 820 1542 tiltario
843 1481 895 1542 tali
918 1481 1078 1561 emplastro

57 1573 167 1652 uteris,
194 1568 253 1629 hoc
281 1578 328 1630 est
355 1569 510 1650 diachylon
533 1584 567 1630 ÷
590 1570 630 1651 ll,
658 1588 744 1630 cerae
767 1584 802 1631 ÷
825 1569 879 1652 lll,
907 1570 964 1630 olei
994 1573 1079 1650 spani
1093 1583 1119 1623 15

57 1659 138 1738 quod
167 1658 329 1718 suliererit.
371 1658 423 1719 sed
452 1661 477 1718 si
505 1659 582 1719 forte
611 1661 790 1720 cerotarium
814 1678 905 1738 supra
933 1661 1079 1739 scriptum

57 1747 94 1808 ad
121 1764 267 1826 praesens
291 1747 412 1807 minime
440 1746 532 1808 fuerit
559 1749 727 1829 inventum,
754 1750 892 1826 psittacio
919 1748 1078 1828 emplastro

56 1834 176 1913 uteris]

343 1957 444 2019 XVlll.
482 1959 530 2020 nd
554 1959 803 2021 collectiones
1093 1971 1127 2023 (n.
1139 1968 1158 2013 11

151 2083 349 2145 Collectioncs
373 2082 478 2144 Graeci
501 2090 682 2162 apostemata
710 2091 823 2143 vocant.
861 2091 1025 2144 nascuntur
1048 2086 1079 2144 in
1094 2097 1119 2137 20

37 2302 41 2307 ᾗ
134 2236 239 2290 lduas
252 2251 288 2304 p,
313 2235 347 2291 ΙΙ.
367 2251 389 2289 o.
499 2235 633 2304 quimolie
653 2252 679 2302 o,
718 2235 803 2290 molie
826 2237 876 2304 (sic
893 2253 912 2307 p
931 2251 986 2304 pro
1005 2239 1033 2305 q)
1048 2251 1079 2306 p.

58 2311 89 2364 et
107 2324 159 2362 om.
176 2324 207 2377 p.
282 2305 391 2375 singule
405 2323 436 2376 p.
510 2313 610 2362 icum
626 2349 632 2360 .
648 2350 653 2362 .
670 2347 675 2358 .
690 2253 795 2361 illimes:
815 2324 878 2361 cum
898 2310 978 2362 aceto
997 2307 1081 2362 simul

57 2379 135 2435 tritis
157 2377 285 2447 illiniunt
308 2393 333 2445 e,
357 2377 442 2431 simul
464 2377 539 2434 teris.
581 2380 612 2432 et
638 2394 702 2431 cum
729 2379 810 2432 aceio
837 2377 926 2431 illinis
946 2395 976 2447 p.
1063 2385 1079 2432 3

57 2449 147 2504 illinis
163 2493 169 2505 .
185 2491 192 2504 .
208 2447 375 2517 ,in(i)ponis
393 2465 439 2516 po.
531 2453 547 2502 5
571 2465 593 2504 o.
619 2466 646 2516 p.
671 2448 700 2501 in
722 2464 810 2517 pusca
833 2449 906 2502 salsa
930 2447 1024 2503 infusa
1052 2451 1081 2503 et

60 2520 269 2589 cataplasmata
287 2535 301 2572 c
320 2518 436 2588 (Pete),
460 2535 483 2573 o.
502 2537 529 2588 p.
549 2519 579 2572 in
597 2517 691 2588 pallea
707 2517 776 2573 farsa
793 2519 886 2573 infuso
900 2521 929 2573 et
944 2519 1080 2588 cataplas-

59 2593 138 2646 mate
156 2591 234 2645 facto
248 2607 279 2659 p.
372 2593 455 2644 senat
473 2592 503 2644 et
520 2589 575 2658 di(s
586 2589 730 2659 e)rumpit:
749 2591 790 2644 sic
808 2607 841 2658 cp
861 2589 972 2658 (Pete).
1063 2596 1079 2645 8

58 2662 154 2717 resine
167 2659 346 2716 terebentinio
358 2667 371 2714 i
384 2661 514 2715 suffimeti
528 2666 574 2714 mo
588 2677 610 2730 o,
624 2662 713 2715 resine
727 2659 886 2715 terbentine
896 2660 1080 2715 sufficientem

58 2733 176 2788 modum
190 2748 222 2802 p.
296 2731 478 2786 9consolves
497 2732 557 2799 (sio)
577 2748 619 2800 ep.
692 2737 721 2786 et
738 2732 926 2801 eum‘ceperit
944 2731 1034 2786 bulire
1053 2748 1079 2786 o:

59 2805 107 2859 fac
124 2803 235 2858 bullire.
273 2805 384 2856 etcum
404 2802 504 2857 bullire
524 2802 674 2874 ceperitp.
768 2803 910 2857 remittes
929 2819 954 2856 o:
983 2819 1032 2856 om.
1048 2819 1080 2872 p.

60 2878 90 2930 ei
109 2915 116 2928 .
136 2916 143 2928 .
165 2915 171 2927 .
192 2889 319 2944 appones
343 2875 384 2928 sie
411 2875 478 2941 (uisi
500 2875 572 2943 quoti
594 2874 723 2927 indutum
752 2873 951 2943 prevaporabis
968 2914 974 2926 .
990 2916 996 2927 .
1012 2913 1019 2926 .
1034 2889 1080 2927 ex-

59 2945 177 3016 pongia)
189 2961 215 2999 c:
231 2947 261 2999 ei
269 2943 463 3014 prevaporatis
472 2945 601 3014 partibus
612 2943 753 3014 expongia
760 2944 906 2998 inductum
918 2960 1042 3012 appones
1048 2961 1079 3013 p.

61 3024 96 3072 12
110 3015 316 3071 maturaverint
325 3032 351 3069 e:
366 3013 440 3069 -rit
448 3032 479 3084 p.
546 3015 616 3069 folia
625 3032 656 3084 p.
728 3021 759 3070 13
774 3018 804 3069 et
817 3017 898 3085 post.
911 3055 916 3067 .
928 3057 934 3069 .
945 3017 1079 3084 eeterap:

59 3091 91 3143 ot
108 3087 251 3158 selectione
271 3086 335 3142 cort'
354 3088 492 3140 uttreter'a
510 3087 571 3155 (sic)
590 3103 612 3141 c.
696 3092 729 3140 14
748 3087 858 3141 curabis
875 3117 909 3126 -
924 3088 981 3155 (15)
995 3089 1038 3140 est
1051 3103 1079 3140 c:

60 3176 113 3215 om.
122 3175 153 3229 p.
218 3173 284 3212 cera
292 3158 323 3227 'pa
388 3157 480 3226 ispani
490 3174 520 3227 p.
586 3156 783 3226 1osuffi0itep.
844 3158 1039 3226 liappr‘esens
1049 3174 1078 3226 p.

59 3229 197 3301 psittacio
221 3229 269 3296 (cf.
287 3229 367 3295 iufra
386 3245 407 3285 o.
426 3233 489 3296 21):
513 3228 613 3283 sitacio
634 3245 666 3297 p,
692 3229 833 3284 eutaoioe
858 3229 905 3296 (of.
925 3228 1081 3297 septaticon

61 3302 161 3369 Patr).
227 3301 400 3369 emplaustro
409 3299 496 3354 uteris
502 3316 537 3369 p:
552 3299 764 3368 emplastaueris
775 3316 795 3354 e.
862 3305 894 3353 19
904 3301 946 3355 tit.
957 3300 1023 3368 Cap.
1033 3300 1081 3352 III.

60 3373 98 3428 od
114 3371 289 3428 collectionis
303 3387 329 3440 9,
347 3369 391 3426 Ad
406 3370 587 3425 collectiones
606 3377 639 3426 18
659 3387 681 3441 e,
700 3370 742 3425 De
759 3370 987 3440 apostemntious
997 3386 1019 3433 p
1030 3368 1095 3431 tim

61 3443 246 3500 collectiones
255 3443 313 3497 ind.
318 3444 362 3511 p).
427 3434 1116 3517 losupruapostemaiasmipciteruptionem*-
