2318 3788
461 127 710 218 '-5o-

96 303 122 362 si
145 301 222 361 iorte
250 299 361 380 aliquid
389 299 503 368 laesum
526 301 596 381 crit,
623 301 655 359 in
679 300 848 360 cicatricem
871 298 979 380 ducas,
1006 307 1038 360 et
1061 302 1113 360 mi·

95 390 210 450 raberis
233 389 289 450 hoc
312 389 399 450 lacto.

185 477 341 558 collyrium
359 477 407 538 dia
425 477 542 539 leucoiu
562 475 750 556 appellatum,
768 476 799 536 id
818 484 864 537 est
882 476 919 538 de
938 475 1024 559 viola,
1043 495 1113 538 con·

95 567 224 628 sectione
243 565 382 627 facillima
400 567 470 628 lacit
487 565 524 627 ad
543 565 659 626 albores
679 572 709 626 et
727 567 882 626 cicatrices
900 565 1113 627 extenuandas.

68 658 203 735 srecipit
235 654 328 715 violae
359 654 496 717 hortioae
528 654 634 715 florum
667 653 819 735 viridium,
852 655 963 716 cummi
990 653 1052 715 albi
1079 652 1115 715 d?

95 752 231 824 octonas,
250 744 426 804 ammoniaci
444 741 482 804 df
499 742 563 804 ΙΙΙΙ.
600 751 681 803 teres
700 744 823 822 cummi,
846 750 877 803 et
895 745 1113 804 ammoniacum

94 850 167 912 prae
185 831 323 893 manibus
342 831 473 914 babebis,
496 840 568 893 tuuc
586 831 676 892 liores
695 829 805 892 virides
822 829 963 910 pensabis
982 839 1014 892 et
1032 840 1114 893 teres

95 920 268 1001 diligenter,
295 928 325 982 et
352 923 544 1000 supermittes
571 916 756 1000 supradictas
784 922 913 1000 species,
941 927 972 980 et
1002 922 1113 981 iterum

96 1009 184 1071 simul
207 1018 288 1071 teres
306 1016 341 1070 ut
359 1008 416 1072 sibi
439 1008 516 1071 bene
540 1017 723 1090 conuentur,
746 1015 777 1069 et
800 1008 890 1069 iacies
914 1007 1045 1088 collyria.
1082 1011 1113 1069 in

55 1114 82 1154 ιο
96 1116 153 1159 usu
172 1106 271 1161 autem
294 1096 331 1157 ad
350 1100 482 1160 minores
501 1099 655 1158 cicatrices
674 1097 803 1161 admixto
824 1097 934 1158 libiano
953 1098 1113 1175 inungues.

184 1186 339 1266 collyrium
367 1186 415 1247 dia
443 1194 558 1248 ceratos
590 1185 677 1247 elafiu
710 1184 902 1266 appellatum,
933 1185 963 1245 id
997 1195 1045 1246 est
1077 1185 1113 1246 de

95 1293 189 1337 cornu
213 1275 348 1357 cervino,
376 1275 413 1337 ad
436 1274 552 1336 albores
576 1283 606 1335 et
634 1276 789 1336 cicatrices
817 1273 1029 1335 extenuandas.
1067 1292 1114 1335 rc·

95 1365 167 1443 cipit
195 1382 290 1426 cornu
318 1366 430 1426 cervini
458 1363 606 1425 combusti
633 1371 664 1424 et
686 1355 740 1424 loti
763 1374 788 1425 7.
811 1363 838 1444 Ι,
865 1363 1017 1441 aeruginis
1041 1366 1069 1421 2'.
1092 1363 1115 1444 1,

95 1455 269 1513 ammoniaci
299 1464 324 1514 λ
351 1452 377 1532 Ι,
406 1454 555 1532 sepiarum
583 1460 677 1513 testae
705 1452 802 1513 mollis
835 1450 968 1512 detracto
999 1454 1114 1513 cortice

53 1555 81 1597 15
96 1551 121 1603 1.
140 1539 179 1621 ΙΙ,
197 1540 310 1620 plumbi
329 1540 518 1603 mundissimi
536 1553 562 1605 1.
580 1538 632 1621 Vl,
655 1542 716 1620 opii
735 1545 762 1599 i.
781 1539 836 1620 ΙΙΙ,
859 1552 977 1600 murrae
999 1544 1027 1598 2
1049 1539 1114 1622 llll,

95 1631 205 1690 cummi
229 1627 266 1688 d'r'
288 1628 351 1689 llll.
387 1630 455 1688 vino
478 1629 573 1688 veteri
596 1631 708 1707 optimo
732 1628 889 1707 colligitur.

183 1717 413 1796 xerocollyrium
441 1735 551 1778 acuens
578 1718 688 1798 visum,
715 1717 795 1796 quod
824 1715 930 1777 Gracci
958 1717 1114 1796 oxyderci·

95 1824 152 1866 con
179 1813 294 1868 vocant.
335 1806 406 1867 lacit
433 1813 463 1866 et
490 1805 526 1867 ad
554 1803 749 1886 amblyopiam
776 1805 806 1866 id
832 1813 879 1866 est
900 1803 1114 1869 obtunsionem

93 1896 176 1955 risus
199 1904 230 1956 et
252 1894 288 1955 ad
311 1893 556 1974 xeropthalmiam
578 1888 608 1954 id
632 1903 679 1956 est
701 1897 810 1955 siccam
835 1893 1061 1978 lippitudinem,
1085 1903 1118 1956 et

168 2126 180 2173 1
201 2119 278 2174 leae?
290 2135 321 2188 9,
346 2117 442 2173 leserit
459 2117 616 2189 9,,199919.
665 2154 666 2160 1
724 2117 779 2173 duc
796 2133 827 2188 9,
851 2117 963 2186 -cisp
983 2118 1061 2187 (dulc
1081 2121 1116 2188 9).

93 2206 185 2261 mir-ab
199 2223 217 2276 9
231 2205 374 2275 (mirabeis
388 2222 411 2272 c,
429 2204 550 2260 mirabil’
559 2209 600 2275 9).
665 2211 680 2259 2
694 2205 786 2261 facto:¹
801 2206 908 2260 factum
922 2205 1003 2274 (fctus
1017 2208 1043 2275 9)
1053 2206 1116 2277 999.

93 2284 109 2332 3
129 2276 258 2332 dialeuco
275 2279 279 2344 )
295 2277 345 2331 hiu
368 2276 427 2343 (hie
450 2279 530 2345 corr.)
549 2293 579 2346 9,
605 2275 734 2332 dialeueo
752 2276 802 2331 hui
819 2293 849 2344 c,
872 2276 979 2333 dialdlc
998 2277 1050 2334 hin
1066 2283 1115 2347 19.

92 2349 168 2422 riolp
186 2365 212 2418 9,
230 2348 306 2404 viole
324 2364 347 2415 9,
365 2346 432 2402 viol’
445 2364 476 2416 9.
559 2355 576 2401 4
594 2346 729 2404 facillime
747 2350 831 2417 999).
916 2349 1080 2404 extenuans
1097 2366 1118 2418 9

94 2419 190 2487 (-das
209 2420 262 2489 99).
348 2423 474 2488 59999,
493 2419 578 2488 1999.
665 2418 757 2492 ortinp
774 2434 807 2487 p:
826 2417 915 2474 urtice
933 2435 975 2487 99.
1062 2421 1118 2474 Ποῖ

92 2488 168 2544 virid
181 2507 198 2559 9
213 2488 298 2558 (-ris
317 2487 396 2543 —dis
410 2505 441 2558 9,
461 2487 535 2543 -ria
554 2489 624 2544 -de
638 2490 672 2559 9).
744 2488 841 2544 cimini
860 2505 907 2558 99,
926 2494 955 2545 et
968 2489 1075 2545 cumini
1089 2508 1114 2548 e.

94 2561 184 2630 adr—g
201 2560 268 2616 VIII
285 2577 311 2631 9,
331 2560 365 2614 ds
383 2563 496 2614 octenas
514 2575 541 2614 e:
560 2565 641 2623 cM
659 2560 725 2615 VIH
739 2577 769 2630 9.
843 2559 983 2616 emonieci
1000 2577 1034 2630 99
1058 2564 1116 2631 (cr-

93 2631 216 2686 moniaci
229 2635 271 2701 9).
380 2630 514 2685 ciminum
531 2647 576 2701 99,
595 2633 625 2686 eb
642 2631 746 2686 cumini
765 2647 787 2685 9.
898 2635 1032 2701 'ipensus
1050 2649 1112 2702 999.

93 2707 110 2756 8
129 2701 314 2772 pre(p)dictas
333 2719 356 2756 9.
447 2707 463 2755 9
482 2701 658 2758 cobunentur
675 2719 704 2772 p:
729 2701 959 2771 coadunanturp
979 2705 1023 2771 (ut
1040 2703 1116 2758 bene

93 2775 327 2829 commisceantur
347 2774 380 2841 9).
487 2772 558 2827 facis
584 2773 639 2843 (fac
663 2777 687 2839 9)
709 2790 770 2842 999.
879 2778 913 2826 10
935 2773 1056 2844 inunges
1077 2791 1117 2844 99

94 2845 193 2914 (unges
212 2847 244 2911 9).
318 2849 351 2896 11
371 2842 459 2897 elain:
478 2843 582 2898 helalin
599 2860 631 2913 9,
655 2844 754 2900 ellafui
771 2859 799 2913 9,
818 2843 931 2913 elephifi
945 2860 968 2913 9
986 2845 1030 2913 (de
1048 2847 1116 2900 teli-

94 2917 144 2970 buc
163 2917 198 2983 cf.
218 2915 281 2970 Gal.
300 2913 367 2984 XII,
387 2917 458 2982 teu).
533 2917 742 2984 11991999.
816 2921 850 2970 13
865 2931 952 2970 cornu
970 2915 1116 2971 cervinum

95 2985 171 3055 (—ni
187 2989 219 3056 9)
236 3002 296 3056 999.
371 2991 405 3038 14
423 2986 466 3053 a(r
476 2985 634 3054 p)monioci
646 3002 679 3055 99
696 2987 749 3052 (cic
761 2991 882 3054 semper).
956 3002 981 3042 u
996 2986 1117 3057 dragma

93 3074 150 3112 una
168 3074 190 3112 c.
262 3057 337 3112 teste
359 3055 453 3111 mollis
472 3071 498 3110 c:
521 3057 595 3112 testu
613 3056 711 3111 mollia
727 3073 756 3126 9,
783 3059 920 3112 testarum
938 3057 1069 3112 mollium
1083 3076 1114 3127 9.

97 3132 130 3182 15
151 3127 249 3182 2111.
259 3143 290 3196 p:
310 3143 360 3182 om.
375 3143 407 3195 9,
425 3126 462 3179 dr
475 3143 491 3197 3
509 3126 549 3181 Vl
567 3144 590 3183 9.
690 3127 778 3182 mirra
794 3145 813 3198 9
831 3127 912 3198 (mire
931 3144 955 3194 9,
972 3128 1057 3183 mirre
1072 3132 1115 3198 9).

95 3204 128 3251 16
157 3197 231 3252 cumi
259 3199 319 3263 (bic
341 3199 477 3266 primum)
502 3215 532 3268 pe
561 3197 659 3253 cimini
686 3215 727 3268 99.
837 3205 868 3254 17
898 3198 1061 3255 oxidorcion
1088 3218 1116 3271 9,

94 3268 280 3324 exbdorcieon
298 3284 325 3335 9,
345 3268 506 3324 exidocieon
520 3285 551 3337 9.
677 3274 710 3324 18
729 3270 884 3340 ambliopia
900 3287 927 3341 9,
946 3270 1075 3341 eplicpra
1093 3288 1117 3338 9,

93 3338 264 3408 ambliopica
278 3356 309 3410 9.
402 3345 434 3394 19
452 3339 620 3397 xerotalmia
638 3357 668 3411 9,
686 3341 855 3410 yuctalmie
873 3357 896 3412 9,
917 3342 1071 3397 serctalme
1083 3359 1115 3413 9.

92 3411 111 3464 i.
132 3410 172 3480 (id
191 3411 244 3480 est)
258 3426 294 3479 p:
315 3426 330 3472 τ
351 3411 400 3480 (et)
420 3427 446 3480 9,
466 3426 516 3466 om.
535 3428 561 3483 9.
