2318 3788
460 76 680 142 ..75-

10 210 22 268 l
88 228 199 283 lenset
225 223 270 283 sic
296 223 329 282 in
357 239 417 283 uuo
446 222 653 284 commiscebis
681 230 712 283 et
744 221 844 284 addito
872 222 959 283 melle
991 232 1077 285 cocto

10 305 22 359 i
89 306 111 366 in
134 312 266 372 unitatem
289 329 393 392 coges,
421 318 452 371 et
480 311 585 371 exinde
613 314 645 372 in
673 311 794 372 modum
817 313 906 372 auius
930 312 1076 374 avellanae

10 396 19 448 ἑ-
87 392 151 457 dabis
174 408 205 460 ut
230 401 263 459 in
290 417 343 459 ore
371 401 543 460 contineant
570 407 758 478 aegrotantes
782 407 812 461 et
840 399 982 479 paulatim
1006 420 1076 462 exu-

10 498 18 527 ’»
87 485 158 546 cando
182 495 379 549 transvorent.
427 489 474 548 sin
502 505 573 548 vero
601 487 780 567 gliquiritiae
809 507 916 550 sucum
944 508 1004 551 uon
1033 492 1076 550 iu·

88 577 190 657 veneris,
212 579 307 655 ipsam
330 575 523 655 gliquiritiam
547 578 648 637 mittes
671 584 701 637 et
724 571 853 660 uteris}
1091 591 1104 632 ⁵

271 733 385 795 XXXV.
421 734 470 796 Ad
494 732 671 818 tumorem
694 737 860 798 saucium.
1085 762 1109 802 a.
1124 750 1154 792 m

152 858 319 920 Secundum
351 867 467 919 veteres
494 859 627 921 medicos
656 869 798 940 quattuor
825 861 980 923 distantias
1008 881 1076 924 cum

85 945 131 1004 suis
149 947 296 1010 vocabulis
323 945 433 1008 habere
463 967 520 1009 uva
543 950 718 1011 ostenditur.
764 967 833 1010 nam
861 953 887 1011 si
915 951 1006 1012 luerit
1029 970 1076 1012 ro·

83 1033 154 1096 tanda
169 1039 199 1098 in
218 1035 445 1098 similitudinem
463 1039 579 1112 acinae,
603 1038 707 1117 stalyle
726 1056 742 1098 a
761 1038 883 1099 Graecis
902 1040 1076 1119 appellatur,

82 1136 150 1198 pam
171 1144 224 1187 nos
251 1143 340 1187 uvam
367 1124 503 1186 dicimus.
545 1128 618 1188 item
642 1128 667 1187 si
698 1128 789 1188 fuerit
810 1126 899 1206 longa
922 1136 953 1188 et
975 1131 1115 1189 tenuis10

80 1218 103 1271 et
120 1215 146 1274 in
166 1214 289 1276 folliculi
312 1216 360 1276 sui
383 1216 553 1275 summitate
580 1214 743 1294 plurimum
770 1215 905 1275 humoris
928 1216 1075 1298 habuerit,

77 1301 154 1365 olonis
180 1303 354 1385 appellatur.
396 1303 558 1364 identidem
588 1306 613 1364 si
641 1322 745 1383 grossa
773 1303 820 1364 vel
843 1306 954 1365 vastior
984 1306 1076 1366 fuerit

76 1398 101 1451 ut
115 1392 286 1455 robustitate
302 1411 356 1454 sua
375 1394 505 1453 faucium
524 1392 645 1472 impleat
662 1401 774 1475 partes,
792 1410 956 1472 gargareon
976 1394 1074 1474 appel·

72 1476 143 1543 latur.
183 1501 251 1543 nam
275 1481 516 1562 Hippocrates
544 1484 645 1543 senior
672 1485 704 1543 in
732 1501 786 1544 suo
815 1485 1006 1562 prognostico
1031 1487 1074 1544 sic

69 1570 338 1654 ait‹„gargareones
366 1569 551 1651 periculosae
580 1570 616 1630 ad
643 1571 836 1633 incidendum
863 1571 910 1632 vel
933 1586 1114 1634 emman-15

66 1658 140 1741 dum,
164 1668 275 1740 quanto
298 1661 391 1740 magis
414 1659 527 1720 luerint
550 1659 704 1721 rubriores
732 1668 762 1721 et
784 1660 922 1740 grandes.
963 1665 1074 1722 etenim

65 1755 156 1810 tumor
175 1749 288 1811 eisdem
306 1748 380 1809 locis
399 1749 532 1809 nascitur
551 1755 582 1808 et
601 1751 752 1828 sanguinis
771 1749 956 1810 incessabilis
975 1750 1073 1810 fluxus

61 1839 193 1900 efficitur.
231 1838 284 1911 sed
303 1845 422 1917 oportet
444 1839 476 1896 in
497 1836 603 1896 eodem
625 1846 760 1916 tempore
780 1855 840 1898 non
860 1837 956 1898 solum
979 1841 1073 1917 ipsam

61 1946 141 1989 uvam
175 1929 360 2008 appositione
393 1925 601 2006 medicamenti
637 1934 806 2005 attenuare,
843 1944 948 1987 verum
984 1929 1073 1988 etiam

10 2020 14 2067 ἱ
58 2016 238 2096 quibuslibet
265 2015 361 2076 modis
389 2014 561 2076 subinanire
586 2022 731 2075 ventrem.
774 2017 817 2075 sic
845 2015 925 2074 enim
952 2017 1071 2076 innoxie
1089 2031 1115 2068 20

10 2094 13 2129 ³
56 2105 206 2185 chirurgia
239 2103 398 2165 adhibetur
430 2111 460 2164 et
492 2112 590 2163 metus
626 2104 856 2182 praefocationis
893 2106 1074 2183 praeteritus

54 2191 125 2256 est“.
174 2197 246 2256 item
280 2192 335 2253 alia
369 2190 540 2272 dicephalos
574 2191 718 2272 appellata
750 2191 797 2253 vel
824 2191 966 2275 hicapita,
999 2212 1074 2272 quae

55 2287 152 2346 rarius
180 2283 316 2343 nascitur
343 2290 373 2342 et
401 2281 521 2343 innoxia
544 2299 610 2341 esse
638 2280 797 2362 probatur,
826 2283 852 2342 si
875 2282 996 2360 quidem
1019 2283 1073 2344 hu-

125 2417 327 2474 loommisces
345 2435 405 2488 pop.
497 2415 610 2485 acogis
627 2432 688 2486 pop.
778 2416 860 2470 unius
879 2433 929 2471 om.
945 2434 976 2487 p.
1057 2424 1073 2473 3

51 2490 201 2546 exudando
220 2491 281 2559 (sic)
295 2506 325 2559 9,
344 2488 519 2544 exsuccando
528 2502 564 2554 ps
582 2487 733 2558 gluciendo
748 2505 770 2543 c.
843 2493 861 2541 4
880 2487 924 2542 sin
941 2505 987 2558 pc:
1006 2488 1030 2542 si
1040 2506 1074 2559 9.

53 2561 231 2632 gliquiritine
250 2577 275 2630 9,
295 2559 419 2630 glicirine
438 2577 460 2628 c,
479 2560 581 2628 1119.
672 2565 688 2614 5
708 2559 897 2628 gliqniriciem
915 2560 1073 2628 p‚l1qr1tu‘c

48 2651 84 2702 p:
102 2649 153 2689 om.
174 2650 197 2687 o.
285 2631 409 2687 tatalile
427 2648 464 2701 99
483 2630 588 2700 (sectile
608 2630 640 2698 c).
678 2632 714 2698 cf.
734 2631 798 2685 Gal.
819 2630 900 2697 XII,
919 2635 976 2686 972
997 2634 1071 2698 (960.

53 2711 105 2760 971
127 2707 187 2775 on).
262 2709 296 2757 10
315 2703 339 2757 si
358 2719 403 2772 cp:
423 2718 473 2757 om.
491 2720 517 2772 9.
592 2707 625 2754 12
645 2701 772 2772 cyonisp
790 2703 871 2770 (crois
883 2718 915 2771 9,
933 2702 1019 2756 tionis
1038 2704 1072 2770 c).

52 2777 97 2830 vel
116 2776 205 2832 aslior
222 2775 283 2843 (sio)
302 2791 320 2844 9
339 2774 457 2844 (vastior
475 2775 528 2844 cp).
621 2778 655 2826 14
673 2773 839 2843 hypocrates
857 2790 875 2843 9
894 2774 999 2843 (ypocr.
1019 2775 1071 2842 cp).

52 2864 76 2904 o.
95 2847 185 2917 Hipp.
205 2846 240 2912 I,
258 2849 312 2900 115
333 2845 411 2914 Lips.
432 2846 510 2916 (citat
528 2846 610 2900 etiam
628 2843 751 2899 Galenus
771 2843 859 2912 XII,
872 2846 945 2912 971).
1039 2850 1071 2898 16

53 2917 190 2974 lubriores
208 2933 239 2986 9,
257 2916 385 2971 rubiores
403 2933 431 2971 c:
449 2914 661 2971 rubicundiores
675 2931 705 2986 p.
817 2922 849 2970 1⁷
869 2914 975 2969 eisdem
993 2931 1023 2984 p:
1042 2915 1072 2969 in

52 2989 163 3045 hisdem
181 3005 218 3059 9,
240 2987 272 3043 iu
294 2987 386 3058 (locis)
410 3004 424 3042 o
447 2987 487 3057 (in
509 2987 600 3042 isdem
625 2987 720 3050 Petri.
840 2992 872 3040 19
897 2985 1072 3068 appositione

53 3059 254 3116 medicamenti
272 3075 295 3128 9
318 3061 363 3127 (ec
385 3061 480 3128 coreb:
499 3057 684 3128 appositionis
703 3060 802 3126 (-one
821 3060 845 3126 c)
865 3058 1072 3113 medaccmenlo

52 3132 116 3202 9(c).
225 3137 259 3185 21
278 3131 411 3200 pretenta
429 3134 464 3180 ’ἓν
482 3147 500 3201 9
518 3126 623 3200 (potue
636 3131 684 3198 p):
703 3129 855 3198 preteribat
873 3145 894 3183 c.
967 3135 1002 3183 22
1024 3128 1073 3184 dic

55 3204 148 3272 coe(ce
166 3201 313 3274 omphalos
328 3203 409 3271 p(cp).
505 3202 582 3270 apud
601 3201 799 3255 Petroncellvm
817 3216 840 3256 c.
860 3204 894 3255 31
910 3218 940 3271 p.
960 3205 1018 3256 209
1038 3202 1072 3269 (si

55 3273 170 3328 robusta
192 3277 222 3330 et
243 3273 396 3329 vehemens
419 3273 545 3328 extiterit
566 3271 680 3343 piclosis
702 3270 816 3340 dicitur}
839 3273 879 3326 sio
904 3277 1011 3340 quartu
1031 3273 1078 3321 ‹tn-

56 3345 168 3400 ducitwr
186 3340 357 3414 ἕπιγλωσσίς.
430 3345 477 3401 vel
496 3361 527 3416 p:
545 3343 566 3401 i.
585 3343 629 3415 (m
648 3344 704 3415 aab
724 3359 770 3414 op.
