2318 3788
477 77 694 140 ..60-

85 223 182 283 lactus
210 224 235 283 si
262 223 340 283 forte
366 224 399 282 in
425 221 611 302 aegritudine
639 230 726 282 acuta
752 221 782 282 id
816 229 864 283 est
896 221 986 283 celeri
1013 226 1086 282 motu
1147 210 1149 217 ’

84 319 152 372 nata
180 313 338 390 contigerit
364 309 413 370 lll.
441 311 487 371 vel
514 310 577 370 llll.
605 310 666 392 die,
694 313 853 390 pessimam
885 309 1088 390 aegritudinem

85 408 115 460 et
141 399 286 479 prolixam
313 399 457 480 ostendit,
490 417 578 478 quam
609 398 716 459 Graeci
747 401 955 460 macronosian
986 405 1088 475 vocant,

84 487 241 568 aliquando
260 505 331 546 vero
350 496 380 547 et
399 488 572 549 freneticam
591 489 760 566 passionem
779 486 944 549 denuntiat.
986 489 1011 548 si
1027 502 1089 545 vero

57 579 116 637 ain
151 579 217 656 ipso
255 577 340 635 initio
378 576 573 655 aegritudinis
609 575 798 655 supradictus
836 578 989 656 sanguinis
1022 574 1089 634 lluor

84 666 176 725 luerit
198 665 294 724 laetus
317 666 348 724 in
367 665 524 726 iuvenibus
546 663 593 724 vel
615 664 744 744 plurimo
763 667 909 743 sanguine
928 663 1089 725 naturaliter

84 751 317 834 abundantibus,
341 771 416 831 quos
438 753 590 833 polyemos
612 761 731 827 vocant,
757 761 788 814 et
811 770 881 814 oum
904 752 987 832 largo
1009 765 1089 812 cursu

84 842 272 923 frequenter,
295 839 403 901 bonam
426 841 642 902 discussionem
666 841 805 902 ostendit.

173 932 335 990 curationis
354 939 453 990 autem
472 938 606 1009 tempore
625 932 651 989 si
669 948 705 990 ex
723 931 866 1009 proximis
885 931 1005 990 narium
1027 926 1091 990 locis

44 1035 70 1074 xo
85 1025 115 1078 et
141 1036 202 1078 non
230 1017 266 1077 de
295 1017 449 1078 altitudine
477 1019 568 1079 iurarit
600 1021 753 1097 sanguinis
782 1018 894 1099 diuus,
924 1027 1043 1098 oportet
1065 1016 1092 1074 in

83 1108 230 1186 principio
254 1105 428 1185 simpliciter
450 1107 532 1167 molli
554 1106 692 1185 penicillo
716 1106 822 1185 frigida
840 1124 917 1184 aqua
936 1107 1091 1168 madelaoto

84 1197 163 1256 cirea
190 1197 318 1256 maiores
345 1194 469 1274 angulos
496 1195 652 1255 oculorum
680 1198 855 1274 exprimere.
903 1197 929 1255 si
964 1213 1035 1255 vero
1063 1189 1097 1252 de

84 1283 238 1345 altitudine
266 1286 430 1344 manaverit
459 1286 591 1365 sanguis,
626 1285 684 1343 erit
710 1281 909 1361 infrigidanda
941 1284 1033 1344 iacies
1065 1289 1101 1341 ex

84 1389 160 1450 aqua
186 1373 276 1433 nimis
303 1371 409 1450 frigida
436 1379 488 1433 aut
516 1390 606 1452 posca
628 1371 743 1450 frigida.
780 1373 870 1432 etiam
893 1381 923 1432 et
945 1370 1104 1451 penicillos

44 1476 70 1516 15
84 1459 207 1538 frigidos
234 1477 324 1539 posca
352 1459 457 1520 leviter
484 1478 642 1540 expressos
670 1460 762 1520 lronti
789 1468 820 1521 et
849 1458 974 1520 naribus
998 1473 1108 1540 super‘

82 1549 225 1628 proicies,
253 1556 284 1608 et
310 1565 453 1608 manuum
480 1566 514 1608 ac
536 1549 646 1628 pedum
670 1567 751 1630 acra,
778 1549 878 1608 idest
906 1550 1111 1617 summitates»,

83 1635 188 1714 ligabis
219 1645 249 1697 et
280 1637 398 1696 narium
430 1654 570 1697 cavernas
603 1636 685 1697 molli
711 1637 831 1697 linteolo
859 1635 1019 1716 diligenter
1052 1637 1112 1698 ob‘

83 1723 196 1785 trudes.
233 1723 313 1803 quod
336 1727 362 1784 si
380 1726 502 1785 minime
520 1724 699 1786 abstinuerit
717 1727 849 1805 sanguis,
873 1724 1048 1786 cubiculum
1071 1729 1111 1787 in

84 1830 143 1890 quo
172 1811 364 1873 immobiliter
391 1815 506 1874 iaceant
537 1813 678 1892 frigidum
710 1822 740 1873 et
770 1813 961 1892 planipedum
993 1823 1025 1875 et
1053 1814 1113 1875 ob‘

43 1917 207 1962 noseorum
233 1900 418 1981 procurabis.
460 1904 548 1962 etiam
575 1919 680 1962 manus
708 1909 739 1962 et
765 1901 857 1981 pedes
886 1901 994 1981 frigida
1027 1921 1113 1983 aqua

83 1988 129 2049 vel
158 2008 249 2069 posca
282 1989 460 2051 lomentabis
488 1999 519 2050 et
550 1992 581 2050 in
611 2007 663 2050 ore
692 1989 830 2051 similiter
861 1997 896 2050 ut
927 1993 1109 2052 contineant

84 2077 175 2138 dabis.
222 2088 252 2139 et
280 2079 305 2138 si
337 2078 429 2139 luerit
455 2087 573 2158 tempus
602 2081 680 2138 veris
708 2077 755 2138 vel
782 2079 915 2157 aestatis,
944 2087 975 2139 et
1007 2081 1105 2158 ipsius

82 2167 223 2244 patientis
251 2175 331 2226 aetas
363 2166 455 2228 luerit
484 2166 621 2227 iuvenilis
653 2174 684 2226 et
716 2165 860 2228 febricula
891 2165 1103 2250 modicissima,

156 2324 170 2372 1
189 2318 208 2372 i.
224 2318 308 2373 celeri
325 2319 410 2390 {mute
428 2321 509 2373 motu
524 2319 592 2374 nata
602 2335 633 2389 p,
652 2319 670 2372 i.
690 2318 775 2374 celeri
788 2320 899 2374 mutate
913 2335 929 2374 o
942 2319 1001 2388 (vel
1016 2320 1101 2377 celeri

83 2390 164 2444 motu
187 2389 281 2458 Pota).
372 2390 454 2446 2111.
478 2389 689 2445 eubulides
712 2389 849 2458 pessimat
872 2389 1049 2460 egritudines
1074 2397 1103 2447 el

82 2478 204 2546 prolixas
227 2495 249 2533 c.
357 2477 603 2533 amacronosiam
628 2495 656 2548 c,
679 2467 858 2550 magnomam
871 2495 903 2547 p.
1014 2479 1101 2536 aeli-

81 2549 194 2672 puando
209 2589 216 2602 .
232 2592 238 2605 .
254 2594 261 2606 .
276 2549 428 2604 denunciat
450 2566 465 2604 o
487 2549 534 2615 (cf.
559 2548 658 2618 Petr.):
682 2565 733 2607 om.
747 2566 778 2618 p.
887 2554 903 2603 5
929 2549 1061 2607 subditus
1080 2568 1100 2606 e.

102 2659 108 2674 .
128 2636 150 2674 o.
221 2619 241 2677 f.
260 2620 352 2675 fuctus
370 2619 491 2688 fueritp
511 2619 622 2688 (Petr).
714 2627 730 2675 6
748 2622 778 2674 in
795 2619 945 2685 inveuibus
964 2623 1006 2691 (ru
1024 2621 1101 2676 uiue-

81 2689 137 2760 liba
157 2691 181 2759 c)
201 2690 289 2746 Petne
307 2690 455 2746 iuvenibus
474 2689 514 2759 (in
532 2692 595 2759 om.)
610 2707 641 2759 p.
748 2690 795 2746 vel
815 2690 936 2759 primum
956 2693 1100 2773 sauguinis

81 2778 109 2816 n.
128 2761 297 2816 abundantis
316 2760 401 2816 simus
420 2779 442 2817 o.
517 2767 532 2814 ‘l
551 2761 690 2830 pollienos
704 2777 736 2831 p,
754 2761 933 2831 poliemteec
952 2762 1100 2833 (pohemos

82 2830 176 2901 Pete).
249 2838 265 2888 9
283 2832 419 2902 proximis
438 2833 526 2905 (puis)
545 2849 560 2886 c
577 2833 693 2899 (Petr.):
712 2832 811 2902 primis
825 2838 870 2901 ps
932 2838 965 2887 10
984 2834 1100 2904 sanguis

81 2902 167 2959 luerit
189 2903 209 2958 f.
231 2920 266 2973 p,
292 2903 378 2958 fuerit
405 2902 520 2972 sanguis
543 2903 597 2958 do
620 2902 715 2970 (fuerit
737 2901 881 2972 sanguinis
906 2904 978 2959 fluor
1004 2905 1099 2974 Petra).

83 2979 114 3027 11
134 2973 377 3044 madefaciuntur)
395 2973 537 3041 c(Petr.):
556 2973 647 3028 infuso
665 2990 692 3042 p.
781 2979 813 3027 12
832 2992 869 3029 m.
889 2975 1035 3030 oculorum
1054 2993 1100 3030 au·

81 3045 200 3114 gulosp
217 3045 280 3113 (Pet
296 3050 323 3117 .).
415 3044 606 3114 exprimerep
623 3044 737 3111 (Petr.):
757 3060 807 3100 om.
827 3061 849 3100 o.
939 3051 973 3100 13
992 3045 1100 3117 infrigi·

82 3115 150 3169 data
168 3132 190 3169 o.
299 3123 333 3171 14
358 3116 443 3170 nimie
460 3118 516 3185 (nis
536 3118 559 3184 c)
579 3115 665 3170 Peon:
689 3117 757 3169 urbis
781 3118 845 3184 (eie)
862 3133 893 3184 p.
1003 3135 1031 3186 p.
1056 3125 1100 3172 nis

80 3185 185 3256 frigida
202 3187 301 3241 iterum
320 3204 341 3242 c.
416 3191 449 3240 15
467 3185 569 3241 leniter
586 3202 608 3240 e.
700 3203 783 3256 super
804 3186 922 3256 proicias
942 3203 975 3257 cp
994 3191 1099 3264 (preren

80 3257 121 3311 oio
134 3263 189 3325 ρο).
263 3263 296 3311 17
317 3257 464 3311 obstrudes
482 3274 497 3312 o
514 3256 621 3324 (Pete).
705 3263 739 3312 18
758 3257 927 3312 abstinuerit
945 3277 973 3314 c:
992 3261 1099 3316 restite·

80 3325 119 3382 rit
131 3345 162 3396 p.
236 3333 270 3381 22
289 3334 380 3396 reip,
399 3327 477 3382 remi
496 3344 518 3382 o.
