2318 3788
385 183 625 249 -151-

25 348 146 392 ensura.
202 332 301 391 omnia
338 330 544 394 commiscebis
581 341 612 393 el
647 330 757 394 adicies
794 349 882 393 ovum
920 351 1013 394 unum

25 419 124 481 udum
148 426 179 481 et
201 421 233 480 in
257 419 384 500 ampulla
406 423 520 502 mittes,
549 439 638 502 quam
660 423 692 482 in
715 420 821 501 frigida
844 438 920 500 aqua
944 421 1013 483 sub·

25 511 117 570 issam
144 507 339 588 infr‘gidabis.
382 519 412 572 ei
440 511 558 590 quando
586 513 631 571 uti
659 510 803 592 volneris,
833 509 957 590 agitabis
979 513 1014 571 ui

25 615 90 659 rum
114 615 225 677 corpus
248 597 347 676 liquor
369 601 433 680 ipse
457 600 558 681 faciat,
585 607 617 661 et
639 601 682 661 sic
705 599 743 660 de
767 598 906 660 embroca
928 599 1013 660 lanea

25 693 152 766 igrotum
180 704 365 769 perungues,
394 689 537 750 etiamst
560 691 649 768 capiti
672 691 737 750 eius
761 688 944 769 aliquantum
967 689 1041 748 ins

25 775 112 838 eudes.

84 865 141 925 alia
169 867 328 945 perunctio
356 865 548 948 lexipyretos,
581 867 616 928 ad
647 885 759 928 causon
788 876 817 928 et
846 868 881 929 ad
914 870 1014 947 iugem

25 973 57 1014 ve
91 956 264 1016 continuum
297 954 425 1038 febrem,
457 974 546 1035 quam
579 955 684 1017 Graeci
717 956 869 1036 synochon
902 957 1014 1017 dicunt.

25 1043 171 1104 rcurbitae
208 1061 343 1104 rasuram
380 1047 528 1124 exprimes
566 1053 596 1106 el
635 1063 791 1106 rosaceum
828 1046 927 1107 oleum
964 1045 1013 1106 ad·

26 1131 137 1193 iscebis
170 1132 285 1212 acquod
317 1133 419 1214 modo,
452 1142 482 1194 et
509 1151 578 1195 cum
606 1133 766 1214 diligenter
794 1136 950 1196 miscueris
981 1143 1014 1195 ul
1029 1147 1055 1188 ιο

25 1221 136 1300 midam
164 1224 216 1301 sit,
242 1227 340 1282 totum
363 1241 473 1302 corpus
496 1240 676 1302 perungues.
712 1223 870 1302 aliquande
897 1231 928 1283 et
950 1231 1014 1303 pty-

25 1317 94 1370 naia
118 1310 225 1390 frigida
247 1312 278 1370 in
298 1311 403 1371 eodem
421 1312 538 1390 liquore
556 1312 655 1372 infnsa
674 1312 870 1392 sufficienler,
893 1312 1013 1372 visceri·

25 1417 52 1460 rs
86 1400 328 1481 superimpones,
356 1402 383 1461 si
414 1409 514 1462 tumen
541 1408 638 1461 sosias
668 1401 767 1461 fuerit.
812 1399 910 1462 hieme
942 1418 1014 1461 vero

25 1488 90 1550 dida
128 1495 158 1549 ct
194 1488 259 1549 oleo
296 1506 419 1550 rosaceo
456 1497 605 1570 ptpgmata
640 1489 780 1550 infundes
813 1497 843 1551 et
875 1488 1014 1550 similiter

25 1577 164 1638 scerihus
187 1594 326 1656 appones.
1029 1591 1054 1632 ss

86 1666 140 1727 sed
159 1668 185 1726 si
208 1666 285 1727 forte
304 1666 402 1746 aliqua
419 1670 517 1728 tensio
535 1668 718 1748 praecordiis
737 1669 913 1748 occurrerit,
936 1677 1014 1730 cata·

26 1763 140 1817 usmete
172 1757 276 1816 uteris.
321 1755 452 1836 dactylos
485 1756 617 1818 nicolaos
649 1774 774 1818 numero
802 1756 826 1815 V
852 1774 908 1836 per
935 1757 1014 1818 diem

25 1864 72 1925 pua
100 1843 194 1904 calida
222 1844 363 1905 infundes
386 1853 417 1906 et
440 1854 578 1906 conteres
602 1854 632 1906 et
658 1848 689 1906 in
712 1845 806 1906 calida
829 1845 960 1906 resolves
983 1853 1014 1906 et

25 1935 140 2013 liunges
168 1932 226 1992 olei
254 1935 369 1994 rosacei
396 1933 547 1994 modicum
574 1942 605 1995 at
632 1951 722 2014 super
752 1936 853 1995 milles
884 1933 937 1994 lini
969 1952 1014 1994 se-

25 2024 85 2084 inis
112 2030 214 2102 partes
241 2021 268 2082 ll
296 2029 327 2082 et
354 2022 411 2082 olei
438 2031 553 2102 partem
576 2021 598 2083 l.
626 2030 656 2082 et
683 2029 751 2102 post
779 2022 843 2083 dias
871 2022 1012 2102 cataplas·
1027 2035 1054 2076 ιο

25 2115 83 2173 atis
120 2111 252 2190 expletos
284 2111 449 2190 lexipyreto
476 2113 579 2172 uteris.
626 2111 696 2172 facit
724 2113 803 2171 enirn
832 2111 868 2171 ad
899 2110 1013 2172 febrem

68 2318 294 2384 loommisoisc
314 2334 394 2372 —ees
404 2335 435 2388 p.
509 2331 591 2373 ovum
606 2317 723 2373 crudum
737 2317 809 2388 ..,Ip
827 2325 900 2375 οιιιιῖι
917 2320 1013 2402 (ovum

25 2393 110 2459 lumi)
130 2391 286 2444 crudume.
374 2389 568 2472 nampulac·
597 2388 797 2459 ampullamp.
880 2389 1014 2460 frigidam

25 2477 144 2531 [camp.
219 2458 787 2531 ainffigidsbis021nffigidudabisp
860 2461 962 2516 diana
980 2477 1013 2530 cp

25 2549 89 2587 mea
103 2536 157 2601 P⁰)·
231 2538 467 2601 opemngsrep
540 2532 627 2586 eiiam
640 2547 728 2588 omme
801 2531 889 2614 ospiti
907 2532 1012 2587 eiuso:

25 2604 97 2673 pitis
121 2602 197 2672 cip.
305 2601 559 2684 aliquantulump.
669 2601 834 2686 ilexiperit
834 2620 872 2659 on
884 2619 921 2673 p,
944 2602 1014 2658 lexi-

25 2675 155 2730 rumice,
229 2672 431 2742 asinodam,
450 2673 609 2742 siueeonp
684 2673 851 2744 asxprimis
863 2691 892 2744 p.
965 2674 1013 2728 ed-

25 2743 547 2814 iseesc,amiscesp.10ils
572 2746 653 2814 uip
763 2750 795 2799 11
820 2761 1012 2829 perungesp

25 2817 135 2888 igmaie
149 2817 211 2886 (om.
226 2817 266 2886 el)
286 2833 309 2884 c,
329 2814 485 2886 eiplimaio
494 2833 525 2885 p
599 2821 632 2871 12
648 2815 833 2872 sufficientem
852 2834 874 2883 c
894 2816 971 2872 —iis
980 2833 1011 2886 p

40 2905 125 2958 snper
141 2887 296 2971 inponisc,
314 2907 341 2942 v.
360 2903 521 2958 apponssp
541 2888 600 2957 (qui
618 2887 720 2942 nonsit
738 2888 820 2944 udo
836 2894 883 2943 38.
901 2905 967 2971 pom
982 2887 1013 2943 Si

98 2959 377 3100 nassum
397 2960 588 3101 “inan
611 2959 912 3115 aciemn

25 3117 104 3156 asma
132 3118 165 3170 cp
195 3102 254 3170 (qui
283 3101 391 3157 eddom
418 3102 587 3172 lexiperilon
614 3118 641 3171 c,
673 3101 844 3173 lixoperiion
872 3108 923 3158 auf
948 3109 1013 3160 onte

25 3189 64 3228 rr.
61 3171 275 3256 lixopaionp.
311 3173 385 3242 quod
403 3174 546 3230 mondum
562 3173 679 3229 videtur.
713 3175 783 3241 ufic
786 3175 867 3241 11).
978 3180 1011 3230 17

25 3243 84 3299 eris
107 3244 161 3298 hoc
186 3242 318 3298 modod.
339 3258 369 3313 p
460 3249 562 3300 niroc·
584 3260 682 3315 om..p
774 3251 807 3301 18
830 3246 952 3315 ineque
970 3261 1011 3316 cp

25 3316 178 3371 fundes—
198 3313 291 3369 calida
314 3329 365 3371 om.
388 3330 410 3371 c
519 3317 549 3372 ei
566 3326 663 3385 omzp.
773 3322 808 3370 19
825 3316 939 3386 edungu
940 3332 1010 3372 esc

25 3386 87 3442 iltis
105 3402 145 3455 cp
253 3385 306 3440 lini
324 3399 419 3442 ssmsn
436 3404 495 3472 par.
513 3386 550 3444 11
567 3400 598 3456 e,
617 3386 674 3442 lini
688 3385 811 3441 sommis
830 3335 992 3452 polum
967 3385 1032 3440 &st

25 3460 96 3512 isles
115 3457 148 3513 il.
162 3470 194 3524 p
269 3462 302 3512 111
322 3457 498 3530 lexipenion
517 3474 563 3532 cp
638 3456 725 3515 onim
739 3471 796 3510 cus
812 3470 847 3520 n
