2318 3788
488 167 731 234 ..184-

99 311 226 376 humore
250 313 363 374 luerint
385 313 541 394 sunamiti,
568 311 725 374 refectioni
748 309 832 373 dabis
854 319 907 374 ant
929 314 1046 393 piscem
1068 321 1121 377 aut

100 402 212 482 aliquid
232 421 268 464 ex
286 399 463 463 volatilibus.
501 402 660 462 etiterum
682 407 751 480 post
773 398 837 462 dies
855 399 880 460 V
898 410 952 464 aut
972 400 1027 463 Vll
1049 405 1119 465 sim·

98 491 170 572 plici
197 493 369 572 purgatorio
399 499 429 553 et
455 491 520 552 sine
548 488 645 569 aliqua
677 488 873 571 malignitate,
902 490 984 570 quod
1014 490 1121 553 Graeci

99 582 250 642 aeaciston
273 587 393 660 vocant,
416 597 477 640 non
500 578 597 640 solnm
619 577 725 659 semel,
747 578 851 640 sedet
872 579 1119 642 seeundciuter·

72 671 177 731 ⁵iecta
214 687 273 730 una
308 668 355 728 vel
391 667 507 729 duabus
543 665 714 728 ebdomadis
751 669 779 728 si
813 668 893 729 vires
928 670 1122 750 permittunt,

99 768 236 819 tenuem
262 755 412 836 purgabis.
453 763 484 817 et
506 756 664 818 conficitur
687 758 739 816 sio.
780 758 981 817 scammoniae
1005 767 1121 819 assatae

100 847 292 928 semunciam,
314 845 490 906 nucleorum
508 846 580 925 pini,
601 845 724 926 piperis,
742 862 867 905 uvarum
884 844 1122 927 enucleatarum,

100 935 183 995 cocci
220 933 313 1013 gnidii
344 934 374 995 id
408 941 454 995 est
486 935 608 995 seminis
637 931 778 1014 turbisci,
810 934 944 994 omnium
975 941 1121 1013 quattuor

99 1039 190 1103 grana
210 1025 309 1105 quina,
326 1021 423 1083 mellis
441 1021 556 1083 libram.
579 1021 737 1101 diligenter
754 1022 896 1083 conficies
914 1029 946 1084 et
958 1023 991 1083 in
1010 1021 1122 1085 doliolo

59 1122 87 1162 1⁰
100 1113 195 1172 vitreo
222 1129 360 1192 repones.
402 1118 432 1172 et
459 1111 577 1190 quando
601 1112 646 1172 uti
673 1109 803 1172 volueris
830 1109 915 1173 dabis
938 1109 1123 1173 coclearium

99 1199 113 1260 l
136 1208 188 1261 aut
210 1199 237 1260 ll
261 1217 330 1261 cum
352 1198 463 1261 calidae
487 1200 649 1261 sufficienti
671 1198 768 1260 modo.

190 1287 269 1350 aliud
296 1287 480 1369 hydropicis,
512 1289 638 1348 maxime
665 1287 773 1348 hiemis
800 1294 951 1368 tempore,
982 1289 1009 1348 si
1042 1289 1122 1350 forte

99 1378 190 1438 nimia
218 1379 315 1438 tensio
342 1376 389 1437 vel
416 1379 557 1457 sarietas,
588 1394 678 1455 quam
712 1377 861 1449 scirrosiu
883 1377 1002 1457 dicunt,
1035 1394 1121 1456 prae

100 1465 211 1526 cordiis
244 1474 295 1527 aut
326 1467 358 1526 in
390 1466 493 1545 splene
522 1472 573 1526 aut
599 1467 631 1526 in
658 1464 783 1527 renibus
809 1466 992 1542 occurrerit,
1026 1474 1059 1526 et
1089 1469 1121 1527 in

59 1563 86 1606 ιε
100 1552 278 1632 corporibus
300 1562 407 1614 natura
430 1554 554 1633 frigidis.
591 1561 711 1634 oportet
728 1551 847 1615 sacculo
871 1552 1071 1615 desiccatorio
1091 1562 1122 1616 et

100 1658 137 1700 ex
164 1648 249 1720 parte
277 1641 454 1702 relaxatorio
483 1644 536 1702 uti.
578 1644 687 1722 recipit
712 1641 819 1702 hordei
846 1641 959 1702 farinae
983 1649 1016 1702 et
1042 1642 1121 1705 laeui

99 1731 207 1807 graeci·
227 1729 339 1790 farinae
368 1736 398 1790 et
426 1731 489 1790 ervi
516 1737 546 1790 et
574 1732 686 1792 cumini
714 1737 745 1791 et
772 1729 953 1808 staflsagriae
980 1737 1012 1791 et
1042 1731 1120 1814 salis,

100 1819 234 1878 omnium
266 1836 318 1879 sex
351 1819 381 1874 §5
412 1817 512 1898 binos,
542 1819 653 1880 malvae
681 1819 803 1879 seminis
825 1817 921 1880 moliti
948 1817 1064 1881 farinae
1091 1827 1121 1882 et

100 1903 242 1968 absinthii
274 1924 374 1987 cymae
407 1914 438 1968 et
469 1906 615 1968 marrubii
645 1908 719 1968 sicci
751 1913 782 1967 et
810 1905 952 1967 bacarum
980 1906 1061 1970 lauri
1092 1916 1122 1970 et

58 2007 87 2048 ao
101 1995 176 2054 anisi
200 2002 231 2055 et
253 1997 338 2076 nitri,
361 1997 494 2056 omnium
528 1997 558 2052 §5
586 1994 727 2075 singulos.
770 2013 846 2075 quae
871 1994 1026 2056 tundenda
1050 2003 1121 2058 sunt

101 2082 210 2143 tundes
233 2091 264 2144 et
286 2085 439 2144 rarissimo
463 2082 563 2144 cribro
586 2102 706 2164 cernes,
734 2091 765 2144 et
788 2101 863 2162 quae
886 2083 1026 2146 molenda
1051 2092 1121 2146 sunt

174 2234 360 2291 lrefectione
379 2251 405 2290 c:
425 2252 524 2291 -nem
537 2252 569 2304 p.
641 2235 748 2305 piscem
764 2251 798 2304 pe
815 2233 924 2306 pisionis
944 2253 967 2292 c.
1040 2239 1119 2293 aet:

100 2306 152 2360 out
169 2321 210 2374 cp.
283 2311 300 2359 4
319 2304 476 2361 caciscnton
490 2323 513 2375 c,
533 2304 684 2360 csoisbicon
693 2323 724 2375 p.
796 2305 947 2362 interiecto
959 2323 997 2376 p,
1017 2309 1085 2364 -to
1098 2324 1118 2365 o.

101 2382 242 2444 consp,
261 2375 282 2430 1.
302 2393 325 2448 a,
396 2377 443 2431 vel
461 2377 504 2433 .ΙΙ.
522 2393 543 2432 c.
617 2375 793 2432 ebdomadis:
812 2377 898 2432 -das
912 2393 936 2444 c,
955 2377 1077 2435 -dibns
1089 2395 1119 2450 p.

100 2471 118 2520 6
138 2480 285 2520 scamonee
303 2481 330 2532 a,
350 2469 479 2520 scaffiuee
497 2481 529 2534 p.
601 2466 708 2520 assatos
728 2464 753 2541 ²5
772 2481 801 2531 c,
823 2468 915 2522 assate
940 2458 1078 2541 senlffircsn
1089 2484 1119 2538 1).

101 2540 117 2589 7
137 2535 230 2590 nuclei
244 2535 304 2605 pini
318 2552 346 2606 o,
364 2536 491 2596 nucleatt
507 2534 616 2605 pineatt
628 2552 657 2604 p.
730 2552 848 2591 urorum
863 2536 1008 2602 enucleati
1026 2555 1049 2609 c,
1068 2555 1120 2594 uve

100 2606 247 2662 enucleate
260 2623 291 2676 p.
350 2607 357 2616 '
389 2612 405 2662 8
425 2610 505 2676 coc(g
514 2609 566 2676 p)o
585 2605 675 2676 gnidii
693 2623 733 2677 cp.
832 2606 946 2663 seminis
963 2607 1120 2680 turbiscip

99 2714 137 2778 (a
155 2712 188 2767 ot
205 2728 291 2781 lurp.
306 2718 354 2782 pc:
373 2683 394 2767 l
411 2716 448 2767 as
464 2741 498 2752 -
517 2713 536 2767 a.
556 2727 577 2767 e.
596 2712 644 2767 aaa
661 2712 774 2768 auteur
788 2743 821 2754 -
836 2713 913 2782 quor
930 2714 1072 2772 cunum
1085 2715 1121 2772 ac

100 2782 236 2840 lanceola.
269 2783 304 2851 cf.
324 2783 372 2839 Pl.
391 2787 438 2851 33,
456 2787 519 2851 88)=
538 2782 639 2838 semini
656 2783 731 2853 ylnsi
749 2785 812 2854 (sic)
830 2800 852 2840 c.
935 2789 953 2838 8
972 2788 1118 2854 quattuor:

99 2854 161 2910 IIII.
182 2870 209 2922 c,
228 2869 277 2910 om.
292 2871 323 2924 p.
431 2853 553 2923 equine
570 2870 598 2910 c:
617 2859 662 2910 ain
680 2853 766 2911 XXV.
781 2872 811 2926 p.
917 2853 937 2909 l'
957 2871 985 2924 c,
1005 2855 1034 2914 l'.
1053 2858 1075 2913 1.
1088 2874 1118 2927 p.

101 2925 214 2981 conficis
233 2941 274 2995 cp.
379 2930 413 2980 10
432 2926 462 2980 et
478 2924 552 2980 nitro
570 2925 682 2995 reponis
701 2941 723 2980 c.
827 2933 872 2995 cq3
896 2924 968 2981 oel’e
988 2929 1119 2998 (cumque

101 2996 204 3066 calide)
223 3014 244 3051 a.
263 3013 300 3051 m.
315 3012 350 3065 p:
376 3001 410 3050 cin
433 2994 515 3051 calid'
540 2999 600 3064 (om.
626 2995 687 3053 suff.
711 2999 760 3065 m.)
784 3013 806 3052 c.
910 3002 944 3051 12
963 2997 1076 3068 hyemis
1094 3015 1119 3056 c:

100 3068 174 3122 veris
188 3084 219 3137 p.
293 3073 327 3122 13
347 3066 468 3122 anxiatos
487 3083 514 3122 ca
540 3066 667 3122 anxietas
680 3083 712 3136 p.
786 3066 902 3123 soiroein
916 3084 952 3139 p,
978 3069 1082 3126 sirosin
1098 3085 1119 3125 c.

101 3143 134 3192 15
154 3137 264 3209 frigide.
282 3140 346 3206 (sic)
364 3155 391 3194 cz
415 3137 607 3221 frigidioribus
621 3155 653 3209 p.
693 3209 700 3222 ·
744 3144 777 3197 16
797 3141 823 3206 lb
842 3155 867 3194 c:
888 3154 940 3194 aaa.
955 3156 1005 3225 p..
1092 3143 1121 3196 et

99 3225 255 3349 aaa
278 3209 501 3362 intua
523 3209 839 3337 ,secutast
857 3216 1121 3361 clauae

99 3349 184 3404 bocas
198 3367 229 3420 p.
303 3357 338 3408 20
352 3368 410 3408 om1
425 3351 464 3406 SS
480 3350 595 3422 emgl'os
610 3368 637 3421 c,
657 3351 782 3407 omnium
796 3354 933 3408 sextarros
952 3354 1079 3424 dngmcs
1088 3370 1119 3423 p.

100 3426 134 3474 21
156 3422 185 3475 et
202 3421 334 3477 molendo
351 3424 440 3480 moles
459 3439 481 3479 c.
