2318 3788
480 131 722 197 ..150-

91 278 180 340 modo
217 277 404 359 temporrbis.
459 287 490 338 et
527 280 553 338 si
585 286 690 339 venter
725 295 788 337 nou
825 275 947 357 fecerit,
978 275 1078 356 clystere
1128 311 1132 350 ,

91 366 285 429 deducendus
312 368 371 427 erit
398 384 434 426 ex
465 365 639 428 decoctione
673 364 811 427 cantabri
837 372 892 426 aut
922 364 1004 426 betae
1031 379 1081 425 curt
1129 401 1132 421 1

91 456 157 517 olco
180 465 212 518 et
233 457 378 517 afronitro
401 463 432 515 et
455 455 541 516 melle
563 455 689 516 modico.

181 545 256 605 alius
292 544 403 623 clyster
440 544 620 624 fexipyretos
659 546 845 605 couveniens
881 546 1005 605 maxime
1033 548 1084 622 post

64 633 308 714 odcpositionom
331 635 452 694 ventris.
489 651 596 694 sucum
617 635 753 713 ptisanae
770 641 804 693 ct
824 632 881 694 fini
901 633 1033 713 seminis,
1050 631 1086 690 ori

91 723 177 783 crudi
196 721 336 803 medium,
354 722 413 782 ofci
426 724 542 782 rosacei
559 730 590 782 ct
607 721 833 782 chamaemefiui
845 720 931 801 qued
947 720 1088 782 suffocarit

90 810 253 890 posthaec
277 810 399 872 humido
423 821 453 872 et
476 810 583 889 frigido
607 810 674 871 cibo
698 810 833 891 reficias,
856 809 889 870 id
911 819 958 872 est
979 809 1087 870 lactuca·

90 917 157 959 rum
186 904 348 960 murturias
376 900 498 960 elixatos
526 908 556 959 et
593 898 715 978 frigidas
743 916 813 960 cum
841 898 959 960 modico
987 895 1043 959 sale
1067 905 1090 958 ct

90 990 252 1048 cisteruioa
275 1007 351 1067 aqua
375 997 405 1050 et
427 988 493 1048 oleo
517 1005 609 1067 spano
632 996 664 1048 et
685 995 770 1048 aceto
793 989 826 1047 in
848 985 917 1047 cibo
941 986 1030 1068 dabis,
1050 994 1090 1047 aut

52 1087 77 1127 1⁰
90 1076 277 1137 cucurbitam
294 1079 418 1138 incisam
436 1094 507 1138 cum
525 1094 581 1138 suo
600 1078 682 1136 corio
701 1076 839 1136 elixatum
857 1075 995 1137 similitor
1011 1074 1092 1155 dabis,

89 1166 116 1224 si
144 1174 243 1226 tamen
270 1167 360 1226 nimia
389 1166 481 1226 fuerit
509 1166 582 1226 sitis.
624 1167 651 1225 si
677 1183 750 1226 vero
772 1166 838 1225 sitis
860 1166 984 1226 minime
1006 1165 1092 1243 uerit,

89 1272 149 1314 non
173 1254 288 1334 frigidis
311 1255 364 1316 sed
387 1253 517 1314 humidis
539 1262 657 1315 tautum
674 1252 751 1314 cibis
772 1255 903 1334 nutries,
925 1253 958 1314 id
976 1263 1023 1316 est
1038 1271 1090 1314 sor·

88 1341 198 1403 bilibus
221 1343 413 1422 multamus
435 1342 553 1419 solutis,
578 1351 612 1404 ut
634 1352 705 1404 sunt
727 1342 876 1422 ptisanae,
899 1359 954 1402 ora
977 1341 1093 1420 scruta

89 1433 182 1492 micae
205 1434 290 1511 panis
313 1431 471 1511 diiigenter
490 1431 586 1492 elutae
605 1439 636 1493 et
654 1439 754 1492 cetera
778 1449 855 1510 quac
877 1432 910 1492 iu
933 1430 1091 1493 sorbitioni·

52 1530 75 1570 1⁵
88 1517 145 1578 bus
168 1519 305 1579 similitor
328 1523 525 1599 accipiuntur.

177 1606 295 1668 alimma
312 1608 498 1687 lexipyreton
516 1596 547 1669 id
569 1617 615 1669 est
636 1611 794 1688 perunctio
813 1608 851 1670 ad
870 1607 972 1670 febres
985 1609 1092 1670 aestatis

88 1702 235 1775 tempore,
263 1698 289 1756 si
316 1715 405 1775 aeger
432 1699 524 1757 nimio
552 1696 682 1758 febrium
709 1706 795 1758 aestu
824 1697 933 1759 bullire
964 1697 1093 1778 coeperit,

88 1792 118 1844 et
140 1787 234 1864 magis
256 1787 289 1845 io
311 1792 407 1846 aetate
430 1785 566 1846 ferventi.
603 1785 791 1847 cucurbitam
813 1785 939 1847 viridem
963 1786 1049 1849 rades
1067 1791 1092 1844 ct

88 1876 155 1934 eius
180 1876 325 1935 corticem
352 1876 503 1954 exprimes
533 1883 565 1934 et
591 1874 736 1954 adiunges
763 1892 872 1935 sucum
898 1893 973 1936 uvae
1004 1877 1092 1936 imm-

52 1974 74 2014 20
88 1969 172 2024 turae
204 1973 236 2024 et
266 1971 384 2024 acetum
416 1962 565 2024 excellens
597 1970 628 2024 et
659 1962 759 2023 oleum
793 1980 953 2024 rosaceum
991 1960 1094 2044 aequali

160 2211 173 2257 1
194 2206 292 2259 venter
310 2221 366 2258 uon
384 2203 484 2258 iecerit
498 2221 533 2272 p:
552 2205 679 2259 ventrem
696 2221 754 2259 non
771 2203 890 2260 feceriut
904 2222 927 2261 c.
1000 2202 1094 2262 clisberi

88 2277 131 2345 (ut
147 2278 245 2343 supra)
264 2292 286 2330 c.
377 2274 498 2328 4Aliud
518 2291 545 2342 c,
567 2275 624 2328 aliti
638 2292 670 2344 p.
761 2275 873 2330 clistere
896 2276 1060 2348 lixoperitus
1076 2291 1095 2339 c,

87 2343 179 2400 clisto‘
195 2346 313 2415 (-—bore)
331 2345 470 2416 lerp1b⁹p
494 2346 554 2413 (ubi
576 2345 729 2428 torporibus
751 2347 802 2402 dei.
822 2347 877 2416 ρο).
974 2355 1096 2404 bsucum

87 2418 161 2487 (-c)
169 2434 206 2486 p:
225 2416 313 2471 Surus
332 2433 354 2471 c.
380 2421 385 2430 ’
427 2415 540 2485 ptisaue
551 2433 586 2485 p:
609 2417 722 2484 trpsauo
740 2434 762 2473 c.
835 2425 851 2472 6
867 2419 1060 2474 comomoliiui
1071 2433 1096 2487 p,

87 2487 204 2544 ealuolli
221 2488 284 2558 (sic)
303 2503 325 2543 c.
416 2485 499 2541 soffri>
516 2502 542 2555 c,
562 2483 658 2544 suffici
675 2488 806 2557 (-eitur)
820 2505 851 2558 p.
945 2496 961 2544 ‘1
981 2490 1045 2546 cibo
1062 2505 1096 2544 rc·

86 2559 163 2616 ficies
182 2575 209 2615 c:
228 2559 291 2614 cibo
310 2561 340 2613 et
356 2557 461 2628 frigido
478 2557 560 2627 potui
578 2558 654 2613 refici
667 2575 699 2628 p.
782 2559 908 2614 lactucos
926 2577 1038 2616 mamas
1055 2560 1097 2616 eii·

86 2652 168 2705 mias
186 2665 214 2718 c,
232 2648 407 2702 lactucarum
424 2644 585 2702 mdtuririss
603 2647 668 2715 (sic,
690 2649 723 2703 fu
740 2664 827 2720 marp.
841 2654 878 2719 12⁰
895 2655 909 2704 i
928 2646 946 2704 i
965 2630 1097 2707 miratio

87 2727 209 2812 {limbus
227 2754 249 2807 p
271 2737 319 2807 (cf.
339 2737 461 2792 Pbo'funt
485 2752 530 2805 ap.
552 2735 614 2792 Aet.
635 2743 664 2801 b,
684 2741 718 2791 78
743 2740 860 2801 καυλοῖς
878 2734 1033 2808 &qudeim
1052 2735 1120 2804 riso,

88 2810 248 2882 εζεσμένοις
265 2802 329 2879 μετ’
348 2802 507 2875 divisim
525 2800 671 2876 ὖδαροῦς).
756 2814 880 2878 depono
896 2825 940 2880 cp.
1025 2818 1058 2867 to
1075 2809 1099 2865 oi

87 2883 215 2953 (eliste.
307 2878 760 2950 1183b1'1sin.c,sitfin.p.
833 2878 1098 2953 mmo-citauit

85 2972 143 3010 uon
161 2954 194 3011 fr.
213 2969 241 3021 c,
264 2949 380 3006 minime
398 2949 520 3022 fuoritri
542 2965 599 3004 uon
622 2949 693 3018 inp
719 2951 794 3019 (fort.
812 2965 864 3005 scr.
883 2949 1003 3010 minimo
1020 2951 1099 3010 fucrit

86 3031 156 3081 usto
172 3042 229 3080 nou
246 3023 301 3092 fr).
375 3026 410 3076 tit
426 3022 550 3075 mutum:
568 3023 610 3075 br‘n
628 3038 652 3090 a,
669 3024 703 3076 tri
721 3023 838 3092 (minen)
847 3037 879 3090 p.
952 3025 1045 3081 nutris
1061 3040 1098 3096 cp.

88 3105 121 3154 13
140 3100 173 3152 ub
191 3097 267 3152 sunit
285 3094 304 3149 i.
324 3094 365 3162 (id
383 3093 437 3162 esf)
456 3107 496 3160 cp.
568 3091 673 3161 pfisinc
685 3110 717 3162 p,
734 3092 845 3162 bipssuo
864 3109 887 3147 c.
963 3102 999 3151 14
1017 3094 1098 3152 mico

86 3186 109 3238 e,
128 3168 227 3223 micros
241 3183 273 3238 p.
346 3165 437 3221 elutos
455 3179 498 3232 cp.
571 3167 604 3216 ld
625 3162 770 3234 occipiunt
786 3179 809 3217 c.
884 3169 917 3218 to
936 3165 1064 3224 blimius
1079 3181 1098 3231 c,

86 3240 171 3314 aliis
188 3258 230 3328 (ig
243 3257 290 3327 μθ)
304 3271 335 3324 p.
418 3250 586 3322 lexiporitou
604 3268 646 3320 cp.
735 3251 828 3307 febres
846 3269 873 3318 c,
892 3252 948 3308 feb’
964 3272 996 3325 p.
1069 3261 1098 3310 to

85 3329 227 3399 mugirp:
245 3327 369 3381 maxime
387 3341 410 3381 c.
488 3322 656 3378 ferventer.
728 3322 954 3392 redomiti:
972 3344 996 3382 c.
1068 3331 1098 3381 to

86 3398 218 3470 exprimis
237 3414 278 3468 cp.
351 3393 482 3468 adiungis
494 3409 532 3465 p,
548 3393 693 3467 adurgucs
711 3410 735 3450 c.
