<?xml version="1.0" encoding="UTF-8"?>
<!DOCTYPE html PUBLIC "-//W3C//DTD XHTML 1.0 Transitional//EN"
    "http://www.w3.org/TR/xhtml1/DTD/xhtml1-transitional.dtd">
<html xmlns="http://www.w3.org/1999/xhtml" xml:lang="en" lang="en">
 <head>
  <title>
</title>
<meta http-equiv="Content-Type" content="text/html;charset=utf-8" />
  <meta name='ocr-system' content='tesseract 3.04.00' />
  <meta name='ocr-capabilities' content='ocr_page ocr_carea ocr_par ocr_line ocrx_word'/>
</head>
<body>
  <div class='ocr_page' id='page_1' title='image "./cassiifelicisde01feligoog_0147.png"; bbox 0 0 2318 3788; ppageno 0'>
   <div class='ocr_carea' id='block_1_1' title="bbox 487 153 724 240">
    <p class='ocr_par' dir='ltr' id='par_1_1' title="bbox 487 153 724 240">
     <span class='ocr_line' id='line_1_1' title="bbox 487 153 724 240; baseline 0 -1"><span class='ocrx_word' id='word_1_1' title='bbox 487 153 724 240; x_wconf 62' lang='lat'>-1304-</span> 
     </span>
    </p>
   </div>
   <div class='ocr_carea' id='block_1_2' title="bbox 59 318 1096 1200">
    <p class='ocr_par' dir='ltr' id='par_1_2' title="bbox 59 318 1096 1200">
     <span class='ocr_line' id='line_1_2' title="bbox 97 318 1096 402; baseline -0.004 -20"><span class='ocrx_word' id='word_1_2' title='bbox 97 321 184 383; x_wconf 84' lang='lat' dir='ltr'><strong>mede</strong></span> <span class='ocrx_word' id='word_1_3' title='bbox 216 330 394 402; x_wconf 85' lang='lat' dir='ltr'><strong>temperato,</strong></span> <span class='ocrx_word' id='word_1_4' title='bbox 426 339 515 400; x_wconf 90' lang='lat' dir='ltr'><strong>quam</strong></span> <span class='ocrx_word' id='word_1_5' title='bbox 547 319 694 401; x_wconf 85' lang='lat' dir='ltr'><strong>appellant</strong></span> <span class='ocrx_word' id='word_1_6' title='bbox 727 318 834 380; x_wconf 85' lang='lat' dir='ltr'><strong>Graeci</strong></span> <span class='ocrx_word' id='word_1_7' title='bbox 866 318 1048 398; x_wconf 83' lang='lat' dir='ltr'><strong>inomelitos‚</strong></span> <span class='ocrx_word' id='word_1_8' title='bbox 1076 325 1096 378; x_wconf 89' lang='lat' dir='ltr'><strong>et</strong></span> 
     </span>
     <span class='ocr_line' id='line_1_3' title="bbox 98 407 756 490; baseline -0.003 -18"><span class='ocrx_word' id='word_1_9' title='bbox 98 411 252 473; x_wconf 77' lang='lat' dir='ltr'><strong>calefacies</strong></span> <span class='ocrx_word' id='word_1_10' title='bbox 276 419 306 471; x_wconf 91' lang='lat' dir='ltr'><strong>et</strong></span> <span class='ocrx_word' id='word_1_11' title='bbox 328 412 413 490; x_wconf 90' lang='lat' dir='ltr'><strong>potui</strong></span> <span class='ocrx_word' id='word_1_12' title='bbox 436 409 520 470; x_wconf 93' lang='lat' dir='ltr'><strong>dabis</strong></span> <span class='ocrx_word' id='word_1_13' title='bbox 542 428 597 488; x_wconf 93' lang='lat' dir='ltr'><strong>per</strong></span> <span class='ocrx_word' id='word_1_14' title='bbox 620 408 684 468; x_wconf 89' lang='lat' dir='ltr'><strong>dies</strong></span> <span class='ocrx_word' id='word_1_15' title='bbox 707 407 756 470; x_wconf 91' lang='lat' dir='ltr'><strong>lll.</strong></span> 
     </span>
     <span class='ocr_line' id='line_1_4' title="bbox 187 490 1096 560; baseline -0.004 0"><span class='ocrx_word' id='word_1_16' title='bbox 187 500 273 560; x_wconf 88' lang='lat' dir='ltr'><strong>aliud.</strong></span> <span class='ocrx_word' id='word_1_17' title='bbox 312 490 379 559; x_wconf 79' lang='lat' dir='ltr'><strong>siim</strong></span> <span class='ocrx_word' id='word_1_18' title='bbox 403 498 581 559; x_wconf 77' lang='lat' dir='ltr'><strong>coclearium</strong></span> <span class='ocrx_word' id='word_1_19' title='bbox 605 497 617 556; x_wconf 98' lang='lat' dir='ltr'><strong>l</strong></span> <span class='ocrx_word' id='word_1_20' title='bbox 641 515 710 558; x_wconf 90' lang='lat' dir='ltr'><strong>cum</strong></span> <span class='ocrx_word' id='word_1_21' title='bbox 732 497 801 555; x_wconf 94' lang='lat' dir='ltr'><strong>vino</strong></span> <span class='ocrx_word' id='word_1_22' title='bbox 825 496 925 557; x_wconf 90' lang='lat' dir='ltr'><strong>mulso</strong></span> <span class='ocrx_word' id='word_1_23' title='bbox 949 504 1015 557; x_wconf 89' lang='lat' dir='ltr'><strong>ante</strong></span> <span class='ocrx_word' id='word_1_24' title='bbox 1039 495 1096 556; x_wconf 69' lang='lat' dir='ltr'><strong>dun</strong></span> 
     </span>
     <span class='ocr_line' id='line_1_5' title="bbox 97 582 1096 666; baseline -0.004 -18"><span class='ocrx_word' id='word_1_25' title='bbox 97 588 186 649; x_wconf 91' lang='lat' dir='ltr'><strong>horas</strong></span> <span class='ocrx_word' id='word_1_26' title='bbox 214 589 322 648; x_wconf 88' lang='lat' dir='ltr'><strong>lavacri</strong></span> <span class='ocrx_word' id='word_1_27' title='bbox 349 590 433 666; x_wconf 91' lang='lat' dir='ltr'><strong>potui</strong></span> <span class='ocrx_word' id='word_1_28' title='bbox 460 585 553 647; x_wconf 92' lang='lat' dir='ltr'><strong>dabis.</strong></span> <span class='ocrx_word' id='word_1_29' title='bbox 594 594 646 647; x_wconf 88' lang='lat' dir='ltr'><strong>aut</strong></span> <span class='ocrx_word' id='word_1_30' title='bbox 672 582 818 645; x_wconf 86' lang='lat' dir='ltr'><strong>marrubii</strong></span> <span class='ocrx_word' id='word_1_31' title='bbox 846 584 952 646; x_wconf 94' lang='lat' dir='ltr'><strong>viridis</strong></span> <span class='ocrx_word' id='word_1_32' title='bbox 979 585 1041 645; x_wconf 88' lang='lat' dir='ltr'><strong>suoi</strong></span> <span class='ocrx_word' id='word_1_33' title='bbox 1058 599 1096 644; x_wconf 82' lang='lat' dir='ltr'><strong>ce</strong></span> 
     </span>
     <span class='ocr_line' id='line_1_6' title="bbox 71 671 1096 754; baseline -0.006 -16"><span class='ocrx_word' id='word_1_34' title='bbox 71 676 240 738; x_wconf 72' lang='lat' dir='ltr'><strong>solearium</strong></span> <span class='ocrx_word' id='word_1_35' title='bbox 263 694 357 737; x_wconf 82' lang='lat' dir='ltr'><strong>vinum</strong></span> <span class='ocrx_word' id='word_1_36' title='bbox 380 694 449 736; x_wconf 91' lang='lat' dir='ltr'><strong>cum</strong></span> <span class='ocrx_word' id='word_1_37' title='bbox 471 677 532 736; x_wconf 90' lang='lat' dir='ltr'><strong>vini</strong></span> <span class='ocrx_word' id='word_1_38' title='bbox 554 675 644 736; x_wconf 81' lang='lat' dir='ltr'><strong>mulsi</strong></span> <span class='ocrx_word' id='word_1_39' title='bbox 667 675 759 754; x_wconf 76' lang='lat' dir='ltr'><strong>cyatis</strong></span> <span class='ocrx_word' id='word_1_40' title='bbox 783 673 824 733; x_wconf 96' lang='lat' dir='ltr'><strong>lll</strong></span> <span class='ocrx_word' id='word_1_41' title='bbox 847 676 937 753; x_wconf 88' lang='lat' dir='ltr'><strong>potui</strong></span> <span class='ocrx_word' id='word_1_42' title='bbox 958 671 1037 734; x_wconf 89' lang='lat' dir='ltr'><strong>dabis</strong></span> <span class='ocrx_word' id='word_1_43' title='bbox 1057 678 1096 733; x_wconf 81' lang='lat' dir='ltr'><strong>aut</strong></span> 
     </span>
     <span class='ocr_line' id='line_1_7' title="bbox 98 764 686 826; baseline -0.005 -1"><span class='ocrx_word' id='word_1_44' title='bbox 98 765 246 826; x_wconf 79' lang='lat' dir='ltr'><strong>anchusae</strong></span> <span class='ocrx_word' id='word_1_45' title='bbox 270 765 448 825; x_wconf 85' lang='lat' dir='ltr'><strong>coclearium</strong></span> <span class='ocrx_word' id='word_1_46' title='bbox 471 764 484 824; x_wconf 96' lang='lat' dir='ltr'><strong>l</strong></span> <span class='ocrx_word' id='word_1_47' title='bbox 507 782 575 824; x_wconf 91' lang='lat' dir='ltr'><strong>cum</strong></span> <span class='ocrx_word' id='word_1_48' title='bbox 599 766 686 824; x_wconf 69' lang='lat' dir='ltr'><strong>vino„</strong></span> 
     </span>
     <span class='ocr_line' id='line_1_8' title="bbox 187 850 1094 932; baseline -0.006 -18"><span class='ocrx_word' id='word_1_49' title='bbox 187 853 275 914; x_wconf 87' lang='lat' dir='ltr'><strong>aliud.</strong></span> <span class='ocrx_word' id='word_1_50' title='bbox 312 853 595 932; x_wconf 82' lang='lat' dir='ltr'><strong>apollegmatismum</strong></span> <span class='ocrx_word' id='word_1_51' title='bbox 619 855 670 931; x_wconf 89' lang='lat' dir='ltr'><strong>qui</strong></span> <span class='ocrx_word' id='word_1_52' title='bbox 693 850 817 912; x_wconf 87' lang='lat' dir='ltr'><strong>naribus</strong></span> <span class='ocrx_word' id='word_1_53' title='bbox 839 851 1021 931; x_wconf 82' lang='lat' dir='ltr'><strong>infunditur,</strong></span> <span class='ocrx_word' id='word_1_54' title='bbox 1041 856 1094 910; x_wconf 83' lang='lat' dir='ltr'><strong>ota</strong></span> 
     </span>
     <span class='ocr_line' id='line_1_9' title="bbox 99 937 1093 1021; baseline -0.004 -20"><span class='ocrx_word' id='word_1_55' title='bbox 99 941 219 1003; x_wconf 90' lang='lat' dir='ltr'><strong>Graccis</strong></span> <span class='ocrx_word' id='word_1_56' title='bbox 242 941 406 1021; x_wconf 87' lang='lat' dir='ltr'><strong>appellatur</strong></span> <span class='ocrx_word' id='word_1_57' title='bbox 429 941 640 1021; x_wconf 82' lang='lat' dir='ltr'><strong>rinencbyton,</strong></span> <span class='ocrx_word' id='word_1_58' title='bbox 663 959 699 1002; x_wconf 90' lang='lat' dir='ltr'><strong>eo</strong></span> <span class='ocrx_word' id='word_1_59' title='bbox 723 939 810 1000; x_wconf 94' lang='lat' dir='ltr'><strong>modo</strong></span> <span class='ocrx_word' id='word_1_60' title='bbox 836 958 897 1018; x_wconf 92' lang='lat' dir='ltr'><strong>quo</strong></span> <span class='ocrx_word' id='word_1_61' title='bbox 922 937 1093 1019; x_wconf 84' lang='lat' dir='ltr'><strong>superiusiu</strong></span> 
     </span>
     <span class='ocr_line' id='line_1_10' title="bbox 99 1026 1093 1110; baseline -0.005 -20"><span class='ocrx_word' id='word_1_62' title='bbox 99 1033 203 1110; x_wconf 88' lang='lat' dir='ltr'><strong>capitis</strong></span> <span class='ocrx_word' id='word_1_63' title='bbox 235 1029 423 1110; x_wconf 88' lang='lat' dir='ltr'><strong>passionibus</strong></span> <span class='ocrx_word' id='word_1_64' title='bbox 455 1031 630 1109; x_wconf 85' lang='lat' dir='ltr'><strong>scripsimus</strong></span> <span class='ocrx_word' id='word_1_65' title='bbox 661 1047 716 1110; x_wconf 87' lang='lat' dir='ltr'><strong>per</strong></span> <span class='ocrx_word' id='word_1_66' title='bbox 748 1028 884 1090; x_wconf 89' lang='lat' dir='ltr'><strong>triduum</strong></span> <span class='ocrx_word' id='word_1_67' title='bbox 917 1027 1035 1089; x_wconf 89' lang='lat' dir='ltr'><strong>naribus</strong></span> <span class='ocrx_word' id='word_1_68' title='bbox 1060 1026 1093 1085; x_wconf 80' lang='lat' dir='ltr'><strong>in</strong></span> 
     </span>
     <span class='ocr_line' id='line_1_11' title="bbox 59 1118 421 1200; baseline 0.014 -27"><span class='ocrx_word' id='word_1_69' title='bbox 59 1134 85 1173; x_wconf 78' lang='grc' dir='ltr'><strong>ιο</strong></span> <span class='ocrx_word' id='word_1_70' title='bbox 99 1118 218 1200; x_wconf 79' lang='lat' dir='ltr'><strong>fundeS,</strong></span> <span class='ocrx_word' id='word_1_71' title='bbox 242 1127 272 1180; x_wconf 92' lang='lat' dir='ltr'><strong>et</strong></span> <span class='ocrx_word' id='word_1_72' title='bbox 295 1118 421 1180; x_wconf 79' lang='lat' dir='ltr'><strong>sanabis,</strong></span> 
     </span>
    </p>
   </div>
   <div class='ocr_carea' id='block_1_3' title="bbox 142 1280 1061 1358">
    <p class='ocr_par' dir='ltr' id='par_1_3' title="bbox 142 1280 1061 1358">
     <span class='ocr_line' id='line_1_12' title="bbox 142 1280 1061 1358; baseline -0.003 -2"><span class='ocrx_word' id='word_1_73' title='bbox 142 1296 175 1358; x_wconf 85' lang='lat' dir='ltr'><strong>L.</strong></span> <span class='ocrx_word' id='word_1_74' title='bbox 211 1296 259 1356; x_wconf 78' lang='lat' dir='ltr'><strong>Ad</strong></span> <span class='ocrx_word' id='word_1_75' title='bbox 283 1297 421 1357; x_wconf 87' lang='lat' dir='ltr'><strong>ventris</strong></span> <span class='ocrx_word' id='word_1_76' title='bbox 445 1304 479 1356; x_wconf 88' lang='lat' dir='ltr'><strong>et</strong></span> <span class='ocrx_word' id='word_1_77' title='bbox 501 1280 764 1356; x_wconf 84' lang='lat' dir='ltr'><strong>intestinorum</strong></span> <span class='ocrx_word' id='word_1_78' title='bbox 787 1296 1061 1356; x_wconf 89' lang='lat' dir='ltr'><strong>reumatismum.</strong></span> 
     </span>
    </p>
   </div>
   <div class='ocr_carea' id='block_1_4' title="bbox 60 1420 1094 1922">
    <p class='ocr_par' dir='ltr' id='par_1_4' title="bbox 99 1420 1093 1675">
     <span class='ocr_line' id='line_1_13' title="bbox 188 1420 1093 1498; baseline -0.01 -17"><span class='ocrx_word' id='word_1_79' title='bbox 188 1421 243 1481; x_wconf 85' lang='lat' dir='ltr'><strong>Est</strong></span> <span class='ocrx_word' id='word_1_80' title='bbox 257 1429 357 1481; x_wconf 89' lang='lat' dir='ltr'><strong>autem</strong></span> <span class='ocrx_word' id='word_1_81' title='bbox 370 1421 580 1479; x_wconf 84' lang='lat' dir='ltr'><strong>re&#39;umatismus</strong></span> <span class='ocrx_word' id='word_1_82' title='bbox 594 1421 707 1478; x_wconf 86' lang='lat' dir='ltr'><strong>ventris</strong></span> <span class='ocrx_word' id='word_1_83' title='bbox 721 1426 752 1479; x_wconf 90' lang='lat' dir='ltr'><strong>et</strong></span> <span class='ocrx_word' id='word_1_84' title='bbox 765 1420 981 1479; x_wconf 88' lang='lat' dir='ltr'><strong>intestinorum</strong></span> <span class='ocrx_word' id='word_1_85' title='bbox 997 1421 1093 1498; x_wconf 85' lang='lat' dir='ltr'><strong>praeter</strong></span> 
     </span>
     <span class='ocr_line' id='line_1_14' title="bbox 99 1506 1093 1587; baseline -0.005 -19"><span class='ocrx_word' id='word_1_86' title='bbox 99 1508 213 1568; x_wconf 79' lang='lat' dir='ltr'><strong>febrem</strong></span> <span class='ocrx_word' id='word_1_87' title='bbox 232 1507 379 1568; x_wconf 81' lang='lat' dir='ltr'><strong>assellatio</strong></span> <span class='ocrx_word' id='word_1_88' title='bbox 398 1509 510 1567; x_wconf 86' lang='lat' dir='ltr'><strong>ventris</strong></span> <span class='ocrx_word' id='word_1_89' title='bbox 533 1506 666 1587; x_wconf 87' lang='lat' dir='ltr'><strong>humida,</strong></span> <span class='ocrx_word' id='word_1_90' title='bbox 690 1515 720 1568; x_wconf 87' lang='lat' dir='ltr'><strong>et</strong></span> <span class='ocrx_word' id='word_1_91' title='bbox 742 1506 901 1585; x_wconf 89' lang='lat' dir='ltr'><strong>aliquando</strong></span> <span class='ocrx_word' id='word_1_92' title='bbox 927 1525 996 1568; x_wconf 90' lang='lat' dir='ltr'><strong>cum</strong></span> <span class='ocrx_word' id='word_1_93' title='bbox 1013 1516 1093 1567; x_wconf 81' lang='lat' dir='ltr'><strong>morsu</strong></span> 
     </span>
     <span class='ocr_line' id='line_1_15' title="bbox 100 1595 535 1675; baseline -0.007 -18"><span class='ocrx_word' id='word_1_94' title='bbox 100 1605 130 1657; x_wconf 90' lang='lat' dir='ltr'><strong>ct</strong></span> <span class='ocrx_word' id='word_1_95' title='bbox 153 1595 308 1675; x_wconf 92' lang='lat' dir='ltr'><strong>aliquando</strong></span> <span class='ocrx_word' id='word_1_96' title='bbox 337 1597 401 1655; x_wconf 90' lang='lat' dir='ltr'><strong>sine</strong></span> <span class='ocrx_word' id='word_1_97' title='bbox 425 1613 535 1655; x_wconf 86' lang='lat' dir='ltr'><strong>morsu.</strong></span> 
     </span>
    </p>

    <p class='ocr_par' dir='ltr' id='par_1_5' title="bbox 60 1674 1094 1922">
     <span class='ocr_line' id='line_1_16' title="bbox 60 1674 1093 1764; baseline -0.007 -19"><span class='ocrx_word' id='word_1_98' title='bbox 60 1699 85 1739; x_wconf 85' lang='lat'><strong>15</strong></span> <span class='ocrx_word' id='word_1_99' title='bbox 189 1686 303 1744; x_wconf 88' lang='lat' dir='ltr'><strong>curatio</strong></span> <span class='ocrx_word' id='word_1_100' title='bbox 333 1691 432 1744; x_wconf 90' lang='lat' dir='ltr'><strong>autem</strong></span> <span class='ocrx_word' id='word_1_101' title='bbox 460 1701 565 1743; x_wconf 89' lang='lat' dir='ltr'><strong>eorum</strong></span> <span class='ocrx_word' id='word_1_102' title='bbox 592 1683 658 1743; x_wconf 90' lang='lat' dir='ltr'><strong>talis</strong></span> <span class='ocrx_word' id='word_1_103' title='bbox 687 1691 746 1764; x_wconf 86' lang='lat' dir='ltr'><strong>est,</strong></span> <span class='ocrx_word' id='word_1_104' title='bbox 779 1685 858 1744; x_wconf 89' lang='lat' dir='ltr'><strong>sicut</strong></span> <span class='ocrx_word' id='word_1_105' title='bbox 891 1683 1042 1745; x_wconf 90' lang='lat' dir='ltr'><strong>Galenus</strong></span> <span class='ocrx_word' id='word_1_106' title='bbox 1067 1674 1093 1738; x_wconf 86' lang='lat' dir='ltr'><strong>ad</strong></span> 
     </span>
     <span class='ocr_line' id='line_1_17' title="bbox 100 1770 1094 1834; baseline -0.004 -1"><span class='ocrx_word' id='word_1_107' title='bbox 100 1772 280 1834; x_wconf 89' lang='lat' dir='ltr'><strong>Glauconem</strong></span> <span class='ocrx_word' id='word_1_108' title='bbox 312 1770 448 1832; x_wconf 91' lang='lat' dir='ltr'><strong>scribens</strong></span> <span class='ocrx_word' id='word_1_109' title='bbox 480 1773 533 1832; x_wconf 92' lang='lat' dir='ltr'><strong>ait:</strong></span> <span class='ocrx_word' id='word_1_110' title='bbox 565 1773 610 1831; x_wconf 90' lang='lat' dir='ltr'><strong>uti</strong></span> <span class='ocrx_word' id='word_1_111' title='bbox 641 1771 763 1832; x_wconf 89' lang='lat' dir='ltr'><strong>lavacris</strong></span> <span class='ocrx_word' id='word_1_112' title='bbox 796 1771 921 1833; x_wconf 87' lang='lat' dir='ltr'><strong>debebis</strong></span> <span class='ocrx_word' id='word_1_113' title='bbox 955 1772 1050 1834; x_wconf 84' lang='lat' dir='ltr'><strong>calidis</strong></span> <span class='ocrx_word' id='word_1_114' title='bbox 1072 1770 1094 1825; x_wconf 82' lang='lat' dir='ltr'><strong>el</strong></span> 
     </span>
     <span class='ocr_line' id='line_1_18' title="bbox 100 1859 470 1922; baseline -0.008 0"><span class='ocrx_word' id='word_1_115' title='bbox 100 1864 290 1922; x_wconf 87' lang='lat' dir='ltr'><strong>constrictiva</strong></span> <span class='ocrx_word' id='word_1_116' title='bbox 313 1859 470 1920; x_wconf 90' lang='lat' dir='ltr'><strong>cibatione.</strong></span> 
     </span>
    </p>
   </div>
   <div class='ocr_carea' id='block_1_5' title="bbox 341 2017 879 2081">
    <p class='ocr_par' dir='ltr' id='par_1_6' title="bbox 341 2017 879 2081">
     <span class='ocr_line' id='line_1_19' title="bbox 341 2017 879 2081; baseline 0.004 -2"><span class='ocrx_word' id='word_1_117' title='bbox 341 2019 387 2079; x_wconf 91' lang='lat' dir='ltr'><strong>Ll.</strong></span> <span class='ocrx_word' id='word_1_118' title='bbox 424 2019 471 2078; x_wconf 82' lang='lat' dir='ltr'><strong>dd</strong></span> <span class='ocrx_word' id='word_1_119' title='bbox 495 2017 645 2079; x_wconf 85' lang='lat' dir='ltr'><strong>colicam</strong></span> <span class='ocrx_word' id='word_1_120' title='bbox 669 2027 704 2079; x_wconf 84' lang='lat' dir='ltr'><strong>et</strong></span> <span class='ocrx_word' id='word_1_121' title='bbox 727 2019 879 2081; x_wconf 91' lang='lat' dir='ltr'><strong>iliacam.</strong></span> 
     </span>
    </p>
   </div>
   <div class='ocr_carea' id='block_1_6' title="bbox 60 2140 1095 2312">
    <p class='ocr_par' dir='ltr' id='par_1_7' title="bbox 60 2140 1095 2312">
     <span class='ocr_line' id='line_1_20' title="bbox 188 2140 1095 2224; baseline -0.007 -22"><span class='ocrx_word' id='word_1_122' title='bbox 188 2143 242 2204; x_wconf 84' lang='lat' dir='ltr'><strong>Est</strong></span> <span class='ocrx_word' id='word_1_123' title='bbox 269 2151 367 2203; x_wconf 91' lang='lat' dir='ltr'><strong>autem</strong></span> <span class='ocrx_word' id='word_1_124' title='bbox 396 2143 488 2202; x_wconf 92' lang='lat' dir='ltr'><strong>colica</strong></span> <span class='ocrx_word' id='word_1_125' title='bbox 515 2145 614 2221; x_wconf 91' lang='lat' dir='ltr'><strong>passio</strong></span> <span class='ocrx_word' id='word_1_126' title='bbox 642 2150 742 2202; x_wconf 89' lang='lat' dir='ltr'><strong>tumor</strong></span> <span class='ocrx_word' id='word_1_127' title='bbox 770 2162 839 2203; x_wconf 93' lang='lat' dir='ltr'><strong>cum</strong></span> <span class='ocrx_word' id='word_1_128' title='bbox 870 2146 987 2224; x_wconf 85' lang='lat' dir='ltr'><strong>ingenti</strong></span> <span class='ocrx_word' id='word_1_129' title='bbox 1015 2140 1095 2205; x_wconf 82' lang='lat' dir='ltr'><strong>doloro</strong></span> 
     </span>
     <span class='ocr_line' id='line_1_21' title="bbox 60 2224 1095 2312; baseline -0.005 -19"><span class='ocrx_word' id='word_1_130' title='bbox 60 2247 86 2287; x_wconf 78' lang='lat'><strong>20</strong></span> <span class='ocrx_word' id='word_1_131' title='bbox 100 2233 191 2293; x_wconf 89' lang='lat' dir='ltr'><strong>totius</strong></span> <span class='ocrx_word' id='word_1_132' title='bbox 219 2233 314 2311; x_wconf 93' lang='lat' dir='ltr'><strong>ipsius</strong></span> <span class='ocrx_word' id='word_1_133' title='bbox 341 2232 475 2291; x_wconf 86' lang='lat' dir='ltr'><strong>intestini</strong></span> <span class='ocrx_word' id='word_1_134' title='bbox 503 2230 582 2309; x_wconf 88' lang='lat' dir='ltr'><strong>quod</strong></span> <span class='ocrx_word' id='word_1_135' title='bbox 606 2230 711 2290; x_wconf 87' lang='lat' dir='ltr'><strong>Graeci</strong></span> <span class='ocrx_word' id='word_1_136' title='bbox 734 2241 879 2293; x_wconf 89' lang='lat' dir='ltr'><strong>consuete</strong></span> <span class='ocrx_word' id='word_1_137' title='bbox 909 2234 997 2295; x_wconf 92' lang='lat' dir='ltr'><strong>colon</strong></span> <span class='ocrx_word' id='word_1_138' title='bbox 1019 2224 1095 2312; x_wconf 87' lang='lat' dir='ltr'><strong>appel·</strong></span> 
     </span>
    </p>
   </div>
   <div class='ocr_carea' id='block_1_7' title="bbox 98 2365 1096 3503">
    <p class='ocr_par' dir='ltr' id='par_1_8' title="bbox 98 2365 1096 3503">
     <span class='ocr_line' id='line_1_22' title="bbox 172 2365 1096 2438; baseline 0.005 -18"><span class='ocrx_word' id='word_1_139' title='bbox 172 2373 186 2420; x_wconf 91' lang='lat'>1</span> <span class='ocrx_word' id='word_1_140' title='bbox 205 2366 373 2436; x_wconf 80' lang='lat' dir='ltr'><strong>ynomelitos</strong></span> <span class='ocrx_word' id='word_1_141' title='bbox 386 2383 423 2436; x_wconf 77' lang='lat' dir='ltr'><strong>p,</strong></span> <span class='ocrx_word' id='word_1_142' title='bbox 442 2365 613 2421; x_wconf 83' lang='lat' dir='ltr'><strong>momellitos</strong></span> <span class='ocrx_word' id='word_1_143' title='bbox 632 2382 655 2421; x_wconf 89' lang='lat' dir='ltr'><strong>c.</strong></span> <span class='ocrx_word' id='word_1_144' title='bbox 746 2371 762 2419; x_wconf 77' lang='lat'><strong>2</strong></span> <span class='ocrx_word' id='word_1_145' title='bbox 782 2366 916 2424; x_wconf 76' lang='lat' dir='ltr'><strong>calefacis</strong></span> <span class='ocrx_word' id='word_1_146' title='bbox 935 2386 978 2438; x_wconf 79' lang='lat' dir='ltr'><strong>cp.</strong></span> <span class='ocrx_word' id='word_1_147' title='bbox 1059 2375 1096 2434; x_wconf 66' lang='lat' dir='ltr'><strong>pii</strong></span> 
     </span>
     <span class='ocr_line' id='line_1_23' title="bbox 99 2435 1096 2510; baseline 0.001 -18"><span class='ocrx_word' id='word_1_148' title='bbox 99 2438 147 2494; x_wconf 93' lang='grc' dir='ltr'><strong>ΙΠ.</strong></span> <span class='ocrx_word' id='word_1_149' title='bbox 167 2437 227 2492; x_wconf 89' lang='lat' dir='ltr'><strong>dies</strong></span> <span class='ocrx_word' id='word_1_150' title='bbox 240 2454 271 2506; x_wconf 80' lang='lat' dir='ltr'><strong>p.</strong></span> <span class='ocrx_word' id='word_1_151' title='bbox 350 2436 465 2506; x_wconf 78' lang='lat' dir='ltr'><strong>tpotui</strong></span> <span class='ocrx_word' id='word_1_152' title='bbox 484 2467 518 2477; x_wconf 93' lang='lat'>—</span> <span class='ocrx_word' id='word_1_153' title='bbox 538 2438 576 2506; x_wconf 81' lang='lat'><strong>(5)</strong></span> <span class='ocrx_word' id='word_1_154' title='bbox 595 2435 675 2491; x_wconf 83' lang='lat' dir='ltr'><strong>dabis</strong></span> <span class='ocrx_word' id='word_1_155' title='bbox 693 2452 744 2492; x_wconf 84' lang='lat' dir='ltr'><strong>om.</strong></span> <span class='ocrx_word' id='word_1_156' title='bbox 755 2453 785 2505; x_wconf 80' lang='lat' dir='ltr'><strong>p.</strong></span> <span class='ocrx_word' id='word_1_157' title='bbox 875 2439 956 2495; x_wconf 81' lang='lat' dir='ltr'><strong>&#39;lAl&#39;</strong></span> <span class='ocrx_word' id='word_1_158' title='bbox 972 2457 1007 2510; x_wconf 83' lang='lat' dir='ltr'><strong>p:</strong></span> <span class='ocrx_word' id='word_1_159' title='bbox 1024 2444 1096 2494; x_wconf 69' lang='lat' dir='ltr'><strong>om</strong></span> 
     </span>
     <span class='ocr_line' id='line_1_24' title="bbox 99 2500 1096 2648; baseline 0.002 -14"><span class='ocrx_word' id='word_1_160' title='bbox 99 2508 374 2647; x_wconf 59' lang='lat' dir='ltr'><strong>lfflpliifillfl</strong></span> <span class='ocrx_word' id='word_1_161' title='bbox 397 2506 653 2648; x_wconf 53' lang='lat' dir='ltr'><strong>cquppgppp</strong></span> <span class='ocrx_word' id='word_1_162' title='bbox 676 2500 1096 2644; x_wconf 56' lang='lat' dir='ltr'><strong>(diffiimli&#39;lfdidl</strong></span> 
     </span>
     <span class='ocr_line' id='line_1_25' title="bbox 99 2621 1096 2719; baseline -0.001 -14"><span class='ocrx_word' id='word_1_163' title='bbox 99 2621 199 2706; x_wconf 75' lang='lat' dir='ltr'><strong>metilb</strong></span> <span class='ocrx_word' id='word_1_164' title='bbox 218 2667 233 2706; x_wconf 86' lang='lat' dir='ltr'><strong>c</strong></span> <span class='ocrx_word' id='word_1_165' title='bbox 251 2649 329 2719; x_wconf 80' lang='lat' dir='ltr'><strong>(Sim.</strong></span> <span class='ocrx_word' id='word_1_166' title='bbox 349 2666 370 2703; x_wconf 88' lang='lat' dir='ltr'><strong>s.</strong></span> <span class='ocrx_word' id='word_1_167' title='bbox 389 2648 531 2704; x_wconf 85' lang='lat' dir='ltr'><strong>menticon</strong></span> <span class='ocrx_word' id='word_1_168' title='bbox 545 2674 579 2695; x_wconf 90' lang='lat'><strong>==</strong></span> <span class='ocrx_word' id='word_1_169' title='bbox 594 2645 778 2719; x_wconf 65' lang='lat' dir='ltr'><strong>devinctos).</strong></span> <span class='ocrx_word' id='word_1_170' title='bbox 873 2667 909 2707; x_wconf 88' lang='lat' dir='ltr'><strong>eo</strong></span> <span class='ocrx_word' id='word_1_171' title='bbox 928 2670 953 2708; x_wconf 89' lang='lat' dir='ltr'><strong>c:</strong></span> <span class='ocrx_word' id='word_1_172' title='bbox 976 2653 1066 2708; x_wconf 85' lang='lat' dir='ltr'><strong>eodem</strong></span> <span class='ocrx_word' id='word_1_173' title='bbox 1075 2657 1096 2714; x_wconf 70' lang='lat' dir='ltr'><strong>f«</strong></span> 
     </span>
     <span class='ocr_line' id='line_1_26' title="bbox 100 2719 1096 2792; baseline 0.001 -14"><span class='ocrx_word' id='word_1_174' title='bbox 100 2722 267 2792; x_wconf 84' lang='lat' dir='ltr'><strong>9passi0ne</strong></span> <span class='ocrx_word' id='word_1_175' title='bbox 280 2737 312 2790; x_wconf 79' lang='lat' dir='ltr'><strong>p.</strong></span> <span class='ocrx_word' id='word_1_176' title='bbox 383 2726 453 2774; x_wconf 82' lang='lat'><strong>-11</strong></span> <span class='ocrx_word' id='word_1_177' title='bbox 478 2720 519 2776; x_wconf 87' lang='lat' dir='ltr'><strong>De</strong></span> <span class='ocrx_word' id='word_1_178' title='bbox 541 2719 721 2775; x_wconf 84' lang='lat' dir='ltr'><strong>reumatismo</strong></span> <span class='ocrx_word' id='word_1_179' title='bbox 742 2737 773 2789; x_wconf 78' lang='lat' dir='ltr'><strong>p.</strong></span> <span class='ocrx_word' id='word_1_180' title='bbox 885 2728 919 2777; x_wconf 83' lang='lat'><strong>13</strong></span> <span class='ocrx_word' id='word_1_181' title='bbox 946 2720 1096 2786; x_wconf 69' lang='lat' dir='ltr'><strong>asellstiofv</strong></span> 
     </span>
     <span class='ocr_line' id='line_1_27' title="bbox 100 2792 1096 2866; baseline -0.001 -17"><span class='ocrx_word' id='word_1_182' title='bbox 100 2793 218 2850; x_wconf 83' lang='lat' dir='ltr'><strong>aselatio</strong></span> <span class='ocrx_word' id='word_1_183' title='bbox 244 2810 266 2848; x_wconf 85' lang='lat' dir='ltr'><strong>c.</strong></span> <span class='ocrx_word' id='word_1_184' title='bbox 358 2796 392 2846; x_wconf 79' lang='lat'><strong>14</strong></span> <span class='ocrx_word' id='word_1_185' title='bbox 415 2794 444 2846; x_wconf 82' lang='lat' dir='ltr'><strong>et</strong></span> <span class='ocrx_word' id='word_1_186' title='bbox 466 2793 528 2861; x_wconf 75' lang='lat' dir='ltr'><strong>(olo.</strong></span> <span class='ocrx_word' id='word_1_187' title='bbox 541 2796 575 2862; x_wconf 77' lang='lat' dir='ltr'><strong>p)</strong></span> <span class='ocrx_word' id='word_1_188' title='bbox 594 2792 658 2847; x_wconf 82' lang='lat' dir='ltr'><strong>odd.</strong></span> <span class='ocrx_word' id='word_1_189' title='bbox 672 2797 716 2860; x_wconf 79' lang='lat'><strong>1⁰⁰·</strong></span> <span class='ocrx_word' id='word_1_190' title='bbox 807 2793 892 2847; x_wconf 85' lang='lat' dir='ltr'><strong>et-</strong></span> <span class='ocrx_word' id='word_1_191' title='bbox 912 2812 1009 2850; x_wconf 86' lang='lat' dir='ltr'><strong>morsu</strong></span> <span class='ocrx_word' id='word_1_192' title='bbox 1025 2807 1068 2848; x_wconf 74' lang='lat' dir='ltr'><strong>oso</strong></span> <span class='ocrx_word' id='word_1_193' title='bbox 1079 2799 1096 2866; x_wconf 71' lang='lat' dir='ltr'><strong>p</strong></span> 
     </span>
     <span class='ocr_line' id='line_1_28' title="bbox 99 2857 1096 2932; baseline -0.004 -10"><span class='ocrx_word' id='word_1_194' title='bbox 99 2866 149 2922; x_wconf 81' lang='lat' dir='ltr'><strong>ubi</strong></span> <span class='ocrx_word' id='word_1_195' title='bbox 171 2881 235 2919; x_wconf 89' lang='lat' dir='ltr'><strong>cum</strong></span> <span class='ocrx_word' id='word_1_196' title='bbox 257 2879 352 2918; x_wconf 90' lang='lat' dir='ltr'><strong>morsu</strong></span> <span class='ocrx_word' id='word_1_197' title='bbox 374 2862 405 2916; x_wconf 92' lang='lat' dir='ltr'><strong>in</strong></span> <span class='ocrx_word' id='word_1_198' title='bbox 429 2879 463 2918; x_wconf 89' lang='lat' dir='ltr'><strong>eo</strong></span> <span class='ocrx_word' id='word_1_199' title='bbox 482 2865 595 2917; x_wconf 79' lang='lat' dir='ltr'><strong>curatur</strong></span> <span class='ocrx_word' id='word_1_200' title='bbox 612 2863 727 2932; x_wconf 75' lang='lat' dir='ltr'><strong>(-rot&#39;)</strong></span> <span class='ocrx_word' id='word_1_201' title='bbox 746 2864 843 2917; x_wconf 82' lang='lat' dir='ltr'><strong>sutem</strong></span> <span class='ocrx_word' id='word_1_202' title='bbox 863 2881 963 2920; x_wconf 86' lang='lat' dir='ltr'><strong>eorum</strong></span> <span class='ocrx_word' id='word_1_203' title='bbox 982 2865 1055 2920; x_wconf 75' lang='lat' dir='ltr'><strong>celeo</strong></span> <span class='ocrx_word' id='word_1_204' title='bbox 1069 2857 1096 2912; x_wconf 58' lang='grc' dir='ltr'><strong>αὖ</strong></span> 
     </span>
     <span class='ocr_line' id='line_1_29' title="bbox 99 2923 1096 3008; baseline -0.001 -16"><span class='ocrx_word' id='word_1_205' title='bbox 99 2936 227 3008; x_wconf 78' lang='lat' dir='ltr'><strong>galienus</strong></span> <span class='ocrx_word' id='word_1_206' title='bbox 253 2940 300 2990; x_wconf 86' lang='lat' dir='ltr'><strong>etc.</strong></span> <span class='ocrx_word' id='word_1_207' title='bbox 328 2935 361 2988; x_wconf 79' lang='lat' dir='ltr'><strong>io</strong></span> <span class='ocrx_word' id='word_1_208' title='bbox 384 2934 428 2988; x_wconf 81' lang='lat' dir='ltr'><strong>bis</strong></span> <span class='ocrx_word' id='word_1_209' title='bbox 455 2933 514 2988; x_wconf 89' lang='lat' dir='ltr'><strong>sins</strong></span> <span class='ocrx_word' id='word_1_210' title='bbox 540 2950 635 2989; x_wconf 86' lang='lat' dir='ltr'><strong>morsu</strong></span> <span class='ocrx_word' id='word_1_211' title='bbox 657 2949 680 3002; x_wconf 82' lang='lat' dir='ltr'><strong>p</strong></span> <span class='ocrx_word' id='word_1_212' title='bbox 703 2959 738 2979; x_wconf 90' lang='lat'>=</span> <span class='ocrx_word' id='word_1_213' title='bbox 761 2933 792 2987; x_wconf 90' lang='lat' dir='ltr'><strong>in</strong></span> <span class='ocrx_word' id='word_1_214' title='bbox 817 2950 852 2989; x_wconf 91' lang='lat' dir='ltr'><strong>eo</strong></span> <span class='ocrx_word' id='word_1_215' title='bbox 878 2937 943 3005; x_wconf 81' lang='lat' dir='ltr'><strong>(pro</strong></span> <span class='ocrx_word' id='word_1_216' title='bbox 972 2937 1029 2991; x_wconf 89' lang='lat' dir='ltr'><strong>sine</strong></span> <span class='ocrx_word' id='word_1_217' title='bbox 1053 2923 1096 2991; x_wconf 77' lang='lat' dir='ltr'><strong>soll</strong></span> 
     </span>
     <span class='ocr_line' id='line_1_30' title="bbox 99 3006 1096 3078; baseline 0.002 -13"><span class='ocrx_word' id='word_1_218' title='bbox 99 3026 121 3066; x_wconf 87' lang='lat' dir='ltr'><strong>c.</strong></span> <span class='ocrx_word' id='word_1_219' title='bbox 209 3006 670 3074; x_wconf 57' lang='lat' dir='ltr'><strong>munditenentem).</strong></span> <span class='ocrx_word' id='word_1_220' title='bbox 779 3020 877 3060; x_wconf 83' lang='lat' dir='ltr'><strong>eorum</strong></span> <span class='ocrx_word' id='word_1_221' title='bbox 896 3024 925 3062; x_wconf 84' lang='lat' dir='ltr'><strong>c:</strong></span> <span class='ocrx_word' id='word_1_222' title='bbox 947 3008 1096 3078; x_wconf 80' lang='lat' dir='ltr'><strong>ipsoruml·</strong></span> 
     </span>
     <span class='ocr_line' id='line_1_31' title="bbox 99 3074 1096 3153; baseline -0.008 -18"><span class='ocrx_word' id='word_1_223' title='bbox 99 3080 226 3153; x_wconf 83' lang='lat' dir='ltr'><strong>galienus</strong></span> <span class='ocrx_word' id='word_1_224' title='bbox 245 3095 260 3134; x_wconf 91' lang='lat' dir='ltr'><strong>c</strong></span> <span class='ocrx_word' id='word_1_225' title='bbox 277 3074 343 3148; x_wconf 80' lang='lat' dir='ltr'><strong>(gal&#39;</strong></span> <span class='ocrx_word' id='word_1_226' title='bbox 358 3076 392 3145; x_wconf 78' lang='lat' dir='ltr'><strong>p)</strong></span> <span class='ocrx_word' id='word_1_227' title='bbox 411 3075 481 3131; x_wconf 79' lang='lat' dir='ltr'><strong>obi?</strong></span> <span class='ocrx_word' id='word_1_228' title='bbox 508 3077 541 3130; x_wconf 80' lang='lat' dir='ltr'><strong>io</strong></span> <span class='ocrx_word' id='word_1_229' title='bbox 565 3077 635 3131; x_wconf 78' lang='lat' dir='ltr'><strong>libro</strong></span> <span class='ocrx_word' id='word_1_230' title='bbox 657 3075 818 3144; x_wconf 76' lang='lat' dir='ltr'><strong>deperdito?</strong></span> <span class='ocrx_word' id='word_1_231' title='bbox 846 3094 887 3132; x_wconf 86' lang='lat' dir='ltr'><strong>oo</strong></span> <span class='ocrx_word' id='word_1_232' title='bbox 913 3081 948 3134; x_wconf 72' lang='lat' dir='ltr'><strong>ba</strong></span> <span class='ocrx_word' id='word_1_233' title='bbox 971 3083 1045 3134; x_wconf 73' lang='lat' dir='ltr'><strong>teste</strong></span> <span class='ocrx_word' id='word_1_234' title='bbox 1058 3080 1096 3127; x_wconf 62' lang='lat' dir='ltr'><strong>ow</strong></span> 
     </span>
     <span class='ocr_line' id='line_1_32' title="bbox 98 3145 1096 3208; baseline -0.01 1"><span class='ocrx_word' id='word_1_235' title='bbox 98 3153 186 3208; x_wconf 75' lang='lat' dir='ltr'><strong>sionis</strong></span> <span class='ocrx_word' id='word_1_236' title='bbox 202 3156 252 3206; x_wconf 82' lang='lat' dir='ltr'><strong>oet.</strong></span> <span class='ocrx_word' id='word_1_237' title='bbox 272 3146 397 3204; x_wconf 77' lang='lat' dir='ltr'><strong>latinae?</strong></span> <span class='ocrx_word' id='word_1_238' title='bbox 478 3153 511 3201; x_wconf 86' lang='grc'><strong>16</strong></span> <span class='ocrx_word' id='word_1_239' title='bbox 530 3146 572 3201; x_wconf 79' lang='lat' dir='ltr'><strong>aii</strong></span> <span class='ocrx_word' id='word_1_240' title='bbox 588 3146 632 3201; x_wconf 84' lang='lat' dir='ltr'><strong>uti</strong></span> <span class='ocrx_word' id='word_1_241' title='bbox 648 3145 769 3201; x_wconf 74' lang='lat' dir='ltr'><strong>lavacris</strong></span> <span class='ocrx_word' id='word_1_242' title='bbox 788 3146 870 3202; x_wconf 81' lang='lat' dir='ltr'><strong>dabis</strong></span> <span class='ocrx_word' id='word_1_243' title='bbox 889 3149 991 3206; x_wconf 80' lang='lat' dir='ltr'><strong>calidis</strong></span> <span class='ocrx_word' id='word_1_244' title='bbox 1009 3151 1037 3204; x_wconf 81' lang='lat' dir='ltr'><strong>et</strong></span> <span class='ocrx_word' id='word_1_245' title='bbox 1051 3153 1096 3199; x_wconf 67' lang='lat' dir='ltr'><strong>cor</strong></span> 
     </span>
     <span class='ocr_line' id='line_1_33' title="bbox 100 3210 1095 3290; baseline -0.003 -12"><span class='ocrx_word' id='word_1_246' title='bbox 100 3223 228 3278; x_wconf 83' lang='lat' dir='ltr'><strong>strictiva</strong></span> <span class='ocrx_word' id='word_1_247' title='bbox 245 3219 429 3290; x_wconf 80' lang='lat' dir='ltr'><strong>vaporatione</strong></span> <span class='ocrx_word' id='word_1_248' title='bbox 443 3234 466 3287; x_wconf 85' lang='lat' dir='ltr'><strong>c,</strong></span> <span class='ocrx_word' id='word_1_249' title='bbox 484 3217 525 3273; x_wconf 83' lang='lat' dir='ltr'><strong>ait</strong></span> <span class='ocrx_word' id='word_1_250' title='bbox 545 3217 591 3288; x_wconf 70' lang='lat' dir='ltr'><strong>fvl3</strong></span> <span class='ocrx_word' id='word_1_251' title='bbox 609 3218 724 3272; x_wconf 81' lang='lat' dir='ltr'><strong>lavacra</strong></span> <span class='ocrx_word' id='word_1_252' title='bbox 738 3217 825 3286; x_wconf 87' lang='lat' dir='ltr'><strong>(-cri</strong></span> <span class='ocrx_word' id='word_1_253' title='bbox 839 3225 906 3274; x_wconf 76' lang='lat' dir='ltr'><strong>aute</strong></span> <span class='ocrx_word' id='word_1_254' title='bbox 920 3223 1004 3290; x_wconf 81' lang='lat' dir='ltr'><strong>corr.)</strong></span> <span class='ocrx_word' id='word_1_255' title='bbox 1019 3210 1095 3275; x_wconf 62' lang='lat' dir='ltr'><strong>oslif⁸</strong></span> 
     </span>
     <span class='ocr_line' id='line_1_34' title="bbox 100 3289 1096 3360; baseline -0.004 -11"><span class='ocrx_word' id='word_1_256' title='bbox 100 3296 130 3350; x_wconf 81' lang='lat' dir='ltr'><strong>et</strong></span> <span class='ocrx_word' id='word_1_257' title='bbox 143 3291 325 3348; x_wconf 78' lang='lat' dir='ltr'><strong>constrictius</strong></span> <span class='ocrx_word' id='word_1_258' title='bbox 339 3289 443 3345; x_wconf 86' lang='lat' dir='ltr'><strong>cibatio</strong></span> <span class='ocrx_word' id='word_1_259' title='bbox 452 3305 475 3358; x_wconf 83' lang='lat' dir='ltr'><strong>p</strong></span> <span class='ocrx_word' id='word_1_260' title='bbox 488 3289 536 3356; x_wconf 77' lang='lat' dir='ltr'><strong>(cf.</strong></span> <span class='ocrx_word' id='word_1_261' title='bbox 546 3289 655 3357; x_wconf 64' lang='lat' dir='ltr'><strong>Petne.</strong></span> <span class='ocrx_word' id='word_1_262' title='bbox 666 3292 744 3355; x_wconf 80' lang='lat'><em>277).</em></span> <span class='ocrx_word' id='word_1_263' title='bbox 811 3294 844 3343; x_wconf 90' lang='lat'><strong>18</strong></span> <span class='ocrx_word' id='word_1_264' title='bbox 859 3291 905 3345; x_wconf 87' lang='lat' dir='ltr'><strong>Ad</strong></span> <span class='ocrx_word' id='word_1_265' title='bbox 921 3310 944 3348; x_wconf 88' lang='lat' dir='ltr'><strong>c.</strong></span> <span class='ocrx_word' id='word_1_266' title='bbox 955 3295 986 3348; x_wconf 83' lang='lat' dir='ltr'><strong>et</strong></span> <span class='ocrx_word' id='word_1_267' title='bbox 998 3289 1096 3360; x_wconf 69' lang='lat' dir='ltr'><strong>yliocsd</strong></span> 
     </span>
     <span class='ocr_line' id='line_1_35' title="bbox 100 3358 1096 3433; baseline -0.005 -13"><span class='ocrx_word' id='word_1_268' title='bbox 100 3366 161 3433; x_wconf 83' lang='lat' dir='ltr'><strong>(sic)</strong></span> <span class='ocrx_word' id='word_1_269' title='bbox 180 3380 202 3432; x_wconf 85' lang='lat' dir='ltr'><strong>c,</strong></span> <span class='ocrx_word' id='word_1_270' title='bbox 221 3362 263 3417; x_wconf 85' lang='lat' dir='ltr'><strong>De</strong></span> <span class='ocrx_word' id='word_1_271' title='bbox 277 3360 367 3417; x_wconf 79' lang='lat' dir='ltr'><strong>colica</strong></span> <span class='ocrx_word' id='word_1_272' title='bbox 379 3360 508 3429; x_wconf 85' lang='lat' dir='ltr'><strong>passione</strong></span> <span class='ocrx_word' id='word_1_273' title='bbox 521 3376 552 3428; x_wconf 79' lang='lat' dir='ltr'><strong>p.</strong></span> <span class='ocrx_word' id='word_1_274' title='bbox 625 3365 660 3414; x_wconf 81' lang='lat'><strong>20</strong></span> <span class='ocrx_word' id='word_1_275' title='bbox 673 3358 741 3414; x_wconf 80' lang='lat' dir='ltr'><strong>totis</strong></span> <span class='ocrx_word' id='word_1_276' title='bbox 754 3365 813 3428; x_wconf 80' lang='lat' dir='ltr'><strong>apis</strong></span> <span class='ocrx_word' id='word_1_277' title='bbox 830 3360 926 3418; x_wconf 82' lang='lat' dir='ltr'><strong>iteftis</strong></span> <span class='ocrx_word' id='word_1_278' title='bbox 945 3364 1013 3419; x_wconf 88' lang='lat' dir='ltr'><strong>colb</strong></span> <span class='ocrx_word' id='word_1_279' title='bbox 1030 3361 1096 3430; x_wconf 71' lang='lat' dir='ltr'><strong>qi‘nl</strong></span> 
     </span>
     <span class='ocr_line' id='line_1_36' title="bbox 99 3429 1067 3503; baseline -0.005 -13"><span class='ocrx_word' id='word_1_280' title='bbox 99 3435 186 3492; x_wconf 85' lang='lat' dir='ltr'><strong>totius</strong></span> <span class='ocrx_word' id='word_1_281' title='bbox 204 3432 291 3503; x_wconf 87' lang='lat' dir='ltr'><strong>ipsius</strong></span> <span class='ocrx_word' id='word_1_282' title='bbox 311 3431 355 3502; x_wconf 75' lang='lat'>(19)</span> <span class='ocrx_word' id='word_1_283' title='bbox 372 3429 500 3486; x_wconf 85' lang='lat' dir='ltr'><strong>intestini</strong></span> <span class='ocrx_word' id='word_1_284' title='bbox 519 3430 575 3486; x_wconf 91' lang='lat' dir='ltr'><strong>coli</strong></span> <span class='ocrx_word' id='word_1_285' title='bbox 592 3429 670 3500; x_wconf 87' lang='lat' dir='ltr'><strong>quod</strong></span> <span class='ocrx_word' id='word_1_286' title='bbox 684 3446 714 3500; x_wconf 76' lang='lat' dir='ltr'><strong>p.</strong></span> <span class='ocrx_word' id='word_1_287' title='bbox 750 3430 785 3496; x_wconf 78' lang='lat' dir='ltr'><strong>cf.</strong></span> <span class='ocrx_word' id='word_1_288' title='bbox 807 3429 880 3489; x_wconf 77' lang='lat' dir='ltr'><strong>Cael.</strong></span> <span class='ocrx_word' id='word_1_289' title='bbox 900 3449 947 3490; x_wconf 77' lang='lat' dir='ltr'><strong>ox.</strong></span> <span class='ocrx_word' id='word_1_290' title='bbox 964 3441 994 3503; x_wconf 83' lang='lat'><strong>3,</strong></span> <span class='ocrx_word' id='word_1_291' title='bbox 1014 3437 1067 3488; x_wconf 77' lang='lat'><strong>143.</strong></span> 
     </span>
    </p>
   </div>
   <div class='ocr_carea' id='block_1_8' title="bbox 0 0 1164 3788">
    <p class='ocr_par' dir='ltr' id='par_1_9' title="bbox 0 0 1164 3788">
     <span class='ocr_line' id='line_1_37' title="bbox 0 0 1164 3788; baseline 0 0"><span class='ocrx_word' id='word_1_292' title='bbox 0 0 1164 3788; x_wconf 95' lang='lat' dir='ltr'><strong> </strong></span> 
     </span>
    </p>
   </div>
  </div>
 </body>
</html>
