2318 3788
474 150 632 217 -164
677 186 719 196 -
1132 84 1136 257 f

86 301 237 364 doluerint
268 308 300 363 et
331 306 419 380 sputa
452 297 678 378 sanguinolenta
705 298 870 360 emiserint
917 297 965 359 dia
992 288 1136 398 codppn
1134 316 1136 321 ’

86 391 282 455 electuarium
309 389 481 468 vespertino
501 396 645 492 'tempore
678 385 770 449 dabis.
815 385 912 449 habet
940 389 1018 449 enim
1045 384 1091 447 rir-

86 488 186 550 tutem
205 479 328 541 tollendi
350 476 478 557 pleuret'
470 479 526 538 reis
549 475 685 539 dolorem
706 483 737 536 et
755 493 895 541 somnum
918 420 1136 587 provocandi}

89 570 168 649 quod
192 568 298 631 Gracci
322 566 479 646 anodyuou
501 567 652 646 ypnopion
675 564 788 627 dicunt.

62 740 75 780 ⁵
272 725 383 800 LXVII.
419 725 469 787 dd
492 726 593 787 canis
617 724 736 787 rabidi
758 718 923 788 mor‘sum

178 853 211 914 in
247 854 366 932 primis,
403 851 461 912 hoc
497 860 544 911 est
572 853 603 910 in
636 851 803 930 praesenti,
839 867 978 912 morsum·
1009 852 1091 931 ipsun

88 942 257 1004 medicinali
286 940 425 1021 scalpello
454 942 568 1001 circum
599 939 714 1000 incides
749 946 954 1018 competenter
985 946 1016 1000 et
1044 935 1091 998 sale
1133 900 1136 1021 1

89 1034 218 1093 contrito
247 1048 387 1111 asperges
425 1038 455 1091 et
482 1030 678 1108 sanguisugas
705 1036 736 1089 et
764 1025 938 1090 cucurbitas
969 1043 1091 1109 appones

89 1121 242 1183 attrahunt
260 1119 507 1181 enimvenenum
526 1120 664 1197 sanguini
682 1118 764 1178 canis
782 1119 987 1180 commixtum
1018 1117 1092 1178 etiarn

52 1223 76 1261 10
90 1219 120 1272 et
143 1219 264 1272 cautere
287 1207 427 1270 vulnus
418 1225 536 1288 mures,
564 1225 623 1287 quo
652 1208 747 1287 possit
770 1224 862 1286 supra
884 1207 999 1269 dictum
1019 1223 1092 1268 vene·

89 1317 162 1360 num
190 1318 258 1360 oum
286 1315 383 1380 scara,
411 1313 501 1375 quam
528 1313 583 1356 nos
611 1303 743 1356 crustam
770 1295 914 1374 dicimus,
940 1299 971 1358 in
1004 1297 1092 1358 eodem

89 1387 155 1449 loco
173 1389 312 1469 retineri,
335 1405 373 1447 ne
400 1387 575 1489 sauguinem
597 1384 807 1465 persequendo
830 1403 928 1466 usquo
952 1385 988 1448 ad
1010 1385 1093 1449 vitalia
1134 1380 1136 1467 J

90 1495 178 1537 omne
202 1495 312 1556 corpus
335 1475 461 1536 invadat.
507 1483 538 1535 et
565 1476 629 1554 ipsa
652 1473 776 1535 vulnera
803 1477 991 1555 appositione
1016 1474 1093 1538 medi·
1134 1474 1136 1481 '

90 1573 296 1626 camentorum
318 1566 468 1625 acriorum
492 1563 585 1625 multo
613 1571 749 1643 tempore
778 1563 924 1646 servabis,
954 1561 1093 1646 usquead

52 1668 77 1709 ιι
90 1653 141 1713 XL
168 1653 248 1714 diem
274 1653 321 1712 vel
349 1671 385 1713 eo
413 1651 548 1731 amplius.
589 1659 745 1732 praeterea
770 1654 862 1732 piscis
890 1653 961 1716 salsi
989 1669 1093 1716 carnem

90 1744 191 1804 tritam
215 1741 330 1803 vulneri
353 1758 494 1820 appones.

180 1831 429 1892 medicamentum
461 1829 550 1891 aliud.
596 1849 690 1892 nuces
722 1829 881 1892 combures
914 1840 945 1894 et
977 1851 1014 1894 ex
1043 1834 1095 1912 ipsa

91 1920 188 1981 favilla
206 1938 276 1982 oum
299 1926 382 1980 aceto
401 1918 641 2000 cataplasmabis‚
665 1929 695 1981 et
716 1919 848 2000 desuper
870 1924 995 2002 spongia
1018 1920 1095 1983 irradi-

91 2009 159 2069 data
182 2011 300 2090 operies
324 2016 354 2069 et
376 2008 552 2069 iasciolabis.
589 2015 620 2069 et
638 2027 655 2068 a
673 2011 742 2070 vino
760 2017 791 2070 et
810 2009 949 2072 omnibus
968 2010 1096 2074 carnibus

52 2113 78 2152 ιο
92 2105 122 2162 et
153 2096 353 2178 leguminibus
386 2104 540 2176 aegrotum
573 2096 743 2159 abstinebis.
790 2116 911 2177 poscam
939 2117 1011 2161 vero
1039 2098 1096 2162 sub·

92 2205 190 2248 aeram
209 2188 325 2249 diurnis
344 2185 449 2246 diebus
467 2204 522 2265 per
541 2186 605 2247 dics
624 2204 750 2247 numero
769 2185 820 2247 XL
839 2186 1004 2250 bibendam·
1017 2189 1097 2268 dabis,

165 2393 279 2449 idiaco
298 2392 483 2461 diomelaoc‚
508 2391 658 2448 diacodion
676 2380 803 2463 elactp
868 2396 1099 2465 tpleuretieisc,

91 2464 271 2547 pleuretiap.
362 2436 502 2519 tanodi’ii
521 2464 665 2535 ceipene,
691 2465 832 2532 anodinon
851 2481 902 2535 cap
883 2483 1021 2551 p.nsonp
1087 2469 1098 2519 t

91 2537 136 2591 Ad
155 2535 245 2591 tabidi
262 2536 325 2604 (sic)
344 2535 420 2590 canis
439 2552 609 2592 morsnmc=
628 2551 683 2606 pro
706 2537 785 2592 nt.
772 2555 805 2592 ιιι
827 2541 904 2592 metu
922 2537 1100 2594 Medicamen-

91 2611 154 2662 tnm
172 2609 243 2676 Itp,
265 2608 297 2661 ic
315 2623 400 2676 marg.
420 2612 455 2676 p⁰
477 2607 512 2663 de
535 2624 630 2691 morsu
658 2607 735 2663 cenis
758 2607 863 2664 rabiosi
887 2609 943 2676 (Ad
966 2611 1044 2666 oanis
1064 2625 1100 2664 ro·

91 2678 153 2734 bidi
170 2695 278 2733 morsus
296 2679 354 2732 iad.
370 2680 411 2746 p).
485 2685 500 2733 ‘1
520 2679 597 2734 circii
615 2678 741 2747 reinone,
761 2681 866 2735 circum
884 2681 978 2750 desp
1050 2680 1099 2738 sale

91 2749 291 2815 contrstnmc,
311 2749 400 2802 selem
417 2749 561 2833 tritnmp.
649 2721 863 2834 Sasp’ergasp
946 2752 1098 2835 apponite

93 2821 205 2877 tanim
223 2837 273 2876 om.
293 2836 314 2875 c.
388 2821 501 2890 sanguis
520 2820 584 2876 cani
599 2821 710 2890 (oic)e‚
729 2821 805 2878 cauis
824 2821 1001 2894 sunguinip.
1073 2826 1100 2876 10

93 2895 123 2948 et
140 2909 192 2948 om.
206 2909 237 2962 p
310 2891 457 2947 cauterio.
529 2891 616 2947 inuris
636 2893 802 2963 purione)
822 2909 863 2963 ep.
937 2912 1007 2964 quo:
1026 2895 1101 2975 quig

92 2964 213 3034 qnodp.
289 2968 321 3016 il
341 2979 463 3031 scarae,
487 2964 586 3019 seham
599 2980 630 3034 p.
704 2970 738 3019 13
761 2964 856 3020 ulcera
868 2982 900 3035 p
976 2972 1010 3021 14
1027 2962 1101 3021 multi

92 3039 180 3106 tpre
254 3040 288 3088 15
302 3034 351 3089 XL
362 3051 398 3104 p
418 3050 505 3090 omme
578 3034 645 3090 salar
654 3052 689 3106 p
709 3036 800 3090 assio.
876 3042 908 3091 17
923 3037 1100 3094 medicamen

91 3108 155 3161 ium
172 3123 224 3163 oce
239 3104 305 3177 (ΑΓ)
315 3123 338 3176 p
357 3108 479 3176 (appone
493 3106 730 3164 medicamentum
748 3106 834 3161 Aliud
850 3107 989 3166 misoeso.
1009 3115 1055 3166 ete.
1072 3109 1100 3176 e)

93 3180 124 3231 et
141 3193 192 3235 om.
206 3194 237 3246 p
325 3182 358 3230 19
378 3193 445 3246 ap:
463 3192 513 3236 om
533 3194 555 3232 e.
641 3185 676 3233 20
694 3185 781 3248 posca
798 3195 835 3234 uo
853 3180 985 3235 suburam
1005 3182 1100 3249 (sime,

92 3263 197 3337 p⁹ca⁰
182 3284 201 3319 ιι
229 3265 266 3341 sb’
291 3282 352 3338 acm
380 3267 423 3337 (te
442 3283 528 3338 marg.
544 3273 613 3337 p⁰
603 3285 614 3322 1
637 3264 655 3322 d
677 3268 744 3338 pica
768 3267 820 3322 sub
839 3270 915 3337 aera)
934 3285 966 3338 p.
1071 3269 1099 3320 21

93 3355 282 3438 diuturnisp,
301 3348 393 3412 diunis
412 3374 434 3412 c.
506 3373 556 3427 per
570 3357 630 3412 dies
645 3356 694 3411 XL
713 3355 838 3412 bibeudu
856 3357 975 3425 debinc,
993 3368 1099 3414 numero

94 3425 240 3496 sexnginte
258 3426 338 3483 dabis
356 3427 525 3499 bibandep.
