2318 3788
488 144 728 210 ..154..

403 326 490 388 LXII.
527 327 574 389 dd
601 327 811 388 freneticos.

187 452 242 514 Est
269 460 368 514 autem
395 452 522 513 frenesis
550 454 717 513 immutatio
746 446 864 514 mentis
880 469 950 514 eum
976 449 1090 513 iebrein

98 560 158 603 nno
182 559 386 622 perseverans.
423 549 453 602 et
476 541 605 602 efficitur
627 543 753 602 maxime
775 559 813 602 ex
835 543 927 603 nimia
948 539 1091 618 adustione,

98 631 177 710 quod
206 649 242 690 ex
270 647 433 691 enoauseos
466 630 583 711 dieunt,
616 638 667 691 aut
699 648 736 690 ex
764 629 934 691 vinolentia
978 629 1092 708 sequitur

71 729 198 781 sautem
217 726 354 798 aegrotos
377 718 470 780 febris
489 726 584 800 aouta,
606 717 700 780 rubor
718 717 832 799 vultus,
856 717 949 781 multa
968 715 1093 779 mobilitas

98 807 254 869 oculorum
273 825 341 868 eum
359 810 505 888 tensione,
523 806 690 869 lucubratio
710 808 772 868 sire
789 809 992 888 insomnietas,
1008 803 1093 886 pudsus

97 899 240 977 parvitas,
268 915 357 976 quam
385 897 593 976 microsiyxiau
621 896 739 977 dieunt,
771 898 881 957 mentis
915 895 1046 957 alienatio
1071 898 1093 952 et

98 986 299 1066 eroeydismos
318 985 349 1046 id
367 994 415 1047 est
431 985 577 1047 llooorum
597 984 717 1065 electio,
740 987 767 1045 si
790 985 912 1064 quidem
931 983 1029 1064 digitis
1049 982 1092 1042 ire·

98 1083 225 1152 quenter
257 1078 315 1155 ipsi
352 1076 499 1154 patientes
536 1076 722 1154 operimenta
753 1080 913 1134 attractare
949 1072 1095 1134 videantur.

58 1175 84 1216 10
98 1162 254 1243 aliqnando
283 1183 299 1225 e
326 1162 491 1244 parietibus
518 1162 643 1242 stipulas
670 1161 786 1243 legunt,
815 1161 896 1242 quod
920 1161 1024 1223 Graeci
1047 1175 1096 1221 oar·

97 1251 225 1332 iologian
249 1253 405 1333 appellant.
443 1260 473 1313 et
491 1250 648 1331 aliquando
668 1268 737 1312 eum
756 1249 904 1312 hilaritate
928 1250 1096 1326 frenetirant,

99 1340 257 1420 aliquando
280 1360 351 1402 vero
375 1359 445 1402 eum
467 1342 597 1402 tristitia.
877 1396 881 1403 .

186 1432 216 1490 in
245 1429 451 1492 curationibus
483 1447 553 1489 vero
585 1431 664 1490 inter
697 1427 833 1507 scapulas
865 1429 947 1489 eirea
979 1422 1096 1507 spondyli

98 1516 196 1578 locum
229 1518 385 1579 cucurbita
417 1536 485 1578 cnm
515 1518 705 1578 scariiatione
736 1518 848 1598 uteris,
881 1524 911 1577 et
943 1525 1011 1597 post
1040 1514 1096 1575 haee

59 1618 85 1660 15
97 1613 257 1685 praetenso
284 1609 420 1686 pressius
447 1608 542 1686 eapite
570 1605 645 1667 lanis
669 1604 832 1685 oxyrodino
855 1605 964 1666 infusis
989 1604 1097 1685 operies.

99 1703 130 1754 et
152 1695 178 1754 si
200 1705 304 1756 venter
328 1713 387 1755 non
411 1695 528 1770 lecerit,
552 1694 679 1775 clystere
702 1693 897 1755 deducendus
920 1696 987 1756 erit.

187 1783 275 1845 aliud.
312 1783 440 1844 hederae
459 1782 541 1844 albae
561 1783 629 1844 lolia
651 1785 683 1844 in
702 1800 777 1863 aqua
801 1781 925 1843 decocta
944 1801 1014 1844 oum
1031 1787 1098 1843 aeeto

98 1881 128 1934 et
151 1891 274 1934 rosaceo
297 1875 367 1934 trita
391 1879 421 1934 et
443 1891 498 1952 per
520 1870 675 1932 linteolum
698 1870 826 1950 eliquata
846 1879 876 1933 et
898 1873 989 1952 capiti
1007 1871 1098 1950 supino

98 1960 248 2023 schemate
280 1964 406 2024 iacentis
437 1961 535 2022 infusa
567 1960 756 2041 frequenter,
793 1977 932 2021 somnum
964 1959 1101 2021 adducunt

58 2047 259 2132 nirenetieis.
1078 2107 1081 2119 ,
1140 2046 1142 2087 ἶ

188 2139 275 2200 aliud.
316 2141 348 2199 in
372 2139 464 2200 ealida
487 2146 518 2199 et
540 2136 605 2198 oleo
633 2154 755 2198 rosaceo
785 2143 936 2216 ptygmata
963 2137 1060 2198 inlusa
1080 2137 1103 2194 et

99 2230 233 2306 apposita
265 2246 281 2287 a
314 2235 399 2306 tergo
431 2230 510 2288 inter
544 2223 679 2305 scapulas
712 2233 742 2286 et
774 2227 904 2306 pectori,
942 2225 1104 2305 frequenter

99 2314 269 2377 humectato
293 2315 427 2398 thorace,
452 2333 589 2376 somnum
612 2315 732 2375 iaciunt.

173 2458 184 2505 1
206 2450 248 2505 Ile
266 2450 370 2507 frenesi
383 2468 414 2520 p.
501 2457 516 2504 2
536 2448 653 2506 iteneris
671 2466 698 2505 e:
719 2447 863 2504 frenetieie
877 2465 908 2518 p.
997 2454 1108 2519 dquam

99 2537 250 2578 enoeuseos
269 2523 295 2578 d.
315 2539 357 2592 op.
429 2520 566 2578 violentia
579 2537 610 2590 p.
684 2526 700 2575 6
719 2525 754 2574 oia
771 2518 894 2575 intentio
913 2536 936 2588 e,
955 2521 972 2574 ὃ
988 2519 1108 2588 tensiop

98 2593 146 2660 (ef.
166 2593 238 2648 Ooel.
257 2594 328 2649 Aur.
348 2609 392 2650 oe.
411 2595 445 2660 I,
464 2598 521 2662 36).
616 2591 762 2647 luoubreto
777 2607 813 2660 p:
834 2596 848 2644 ῑ
866 2590 984 2647 broohio
1002 2608 1025 2648 o.
1093 2593 1106 2643 t

96 2681 238 2737 microsfia
251 2699 273 2751 e,
292 2666 389 2754 midila
404 2698 432 2752 p.
505 2679 668 2736 fillooorum
682 2677 797 2734 etieotio
811 2695 834 2747 e,
852 2677 953 2735 florum
969 2679 1071 2736 eleotio
1079 2692 1107 2749 p.

97 2753 268 2823 dpatientia
288 2771 310 2809 e.
420 2754 592 2818 saltatores,
616 2751 776 2806 ndtroetere
796 2766 827 2819 p.
937 2750 1070 2808 videntur
1081 2764 1108 2827 p.

98 2829 132 2879 10
151 2841 166 2879 e
184 2841 210 2880 e:
230 2841 280 2880 om.
295 2843 318 2895 p
336 2825 442 2894 (uodd.
451 2828 506 2895 ρο).
578 2819 733 2891 patrologie
751 2837 773 2888 e,
794 2837 876 2876 -em
890 2837 921 2890 p.
998 2829 1108 2877 rreum

96 2912 147 2951 om.
166 2913 207 2967 ep.
315 2896 498 2951 freneticatur
516 2911 542 2963 e,
561 2891 727 2948 irenelidir'at
739 2908 771 2976 p.
877 2897 910 2946 lu
929 2909 1001 2948 vero
1016 2904 1107 2963 om

98 2973 130 3023 13
145 2967 278 3039 spondilii
287 2985 309 3036 e,
324 2966 527 3038 spondiliornm
536 2982 566 3035 p.
633 2969 667 3019 14
677 2962 1106 3034 eoerffioalionei-ulioonoem

98 3044 131 3095 15
149 3043 284 3111 pretunso
299 3055 329 3123 p:
348 3054 462 3109 prernso
475 3054 506 3107 p.
579 3034 715 3090 exiridino
734 3050 757 3101 e,
775 3033 903 3090 exirodir‘r
916 3050 947 3103 p.
995 3106 1002 3119 .
1022 3034 1109 3118 operis

96 3111 487 3238 stultulus?
521 3109 728 3261 ww
745 3108 879 3232 weil
897 3106 1111 3246 nostrl

96 3253 125 3308 in
144 3255 226 3309 aceto
244 3256 274 3310 et
291 3271 354 3309 oum
372 3271 395 3309 r.
414 3269 437 3309 e.
511 3256 544 3306 to
562 3250 668 3306 moenia
681 3265 722 3318 ep.
795 3263 956 3314 rsomnum
965 3265 997 3319 p.
1065 3247 1110 3303 od-

96 3340 176 3397 anco
193 3345 256 3413 με,
268 3344 301 3414 ρ)
320 3361 362 3412 cp.
445 3346 479 3396 ar
499 3339 671 3410 pemeus,
690 3352 759 3392 -aa
777 3321 809 3392 οἱ
878 3342 914 3395 sa
932 3336 1055 3407 pacoro
1072 3349 1109 3404 ep.

96 3417 130 3466 23
150 3414 180 3468 et
199 3418 347 3484 (somnum)
367 3430 389 3469 e.
462 3410 532 3467 fado
550 3409 606 3480 (fed
623 3414 653 3481 p)
671 3424 713 3479 ep.
932 3431 939 3441 ’
