2318 3788
490 160 731 223 -118-

98 314 217 386 vocant,
249 324 286 365 ex
318 303 409 364 calida
443 312 473 364 et
506 304 580 364 oleo.
626 303 701 363 solet
734 306 817 364 enim
846 306 948 366 vesica
977 302 1103 365 etiamsi

99 394 190 454 luerit
217 396 378 454 constricta
406 392 509 453 subtili
541 394 672 453 lomento
702 391 833 454 relaxari
867 401 899 454 et
927 395 1041 454 urinam
1066 408 1102 450 re·
1132 404 1135 409 ·

98 491 210 543 tentam
238 482 372 543 reddere.
415 481 494 560 quod
522 484 548 542 si
575 483 696 542 minime
726 483 815 542 urina
844 483 939 544 luerit
966 489 1062 543 secuta
1079 486 1103 539 et

99 573 334 649 perseveraverit
361 588 451 649 supra
480 571 558 632 dicta
585 570 753 650 periculosa
778 570 976 652 abstinentia,
1002 575 1102 651 oportet

72 663 129 719 nin
148 659 288 720 cruribus
311 661 337 720 si
355 662 434 720 vires
456 663 611 738 patiuntur
630 677 720 738 supra
744 659 821 720 talos
845 661 1008 721 interiores
1029 674 1102 719 venas

98 748 238 808 incidere.
276 755 306 808 et
330 751 355 808 si
378 747 463 808 dolor
486 767 546 808 non
570 750 726 828 minuerit,
749 747 956 810 adhibendum
976 757 1023 809 est
1041 754 1102 808 cata·

98 835 210 914 plasma
238 855 274 896 ex
302 837 355 898 lini
383 839 495 896 semine
524 845 554 896 et
581 837 660 896 laeui
687 839 788 915 graeci
812 845 844 898 et
871 837 981 898 hordei
1002 835 1102 917 polline,

98 924 227 985 admixto
251 944 396 1005 papavere
420 928 491 985 trito
514 936 544 986 et
567 927 665 985 resina
689 925 781 1005 pinali
800 933 832 986 et
855 929 934 1006 pice.
972 932 1102 987 trausacto

98 1020 197 1073 autem
225 1013 327 1074 dolore
350 1014 559 1093 apponendum
586 1015 768 1074 cerotarium
793 1032 831 1074 ex
859 1016 964 1076 resina
994 1016 1063 1075 irixa
1080 1020 1102 1071 et

58 1116 84 1154 10
99 1103 181 1180 ysopi
205 1120 277 1162 suco
296 1112 326 1163 et
344 1104 519 1162 ammoniaci
542 1109 625 1180 gutta
644 1110 675 1162 et
694 1102 761 1162 oleo
780 1104 916 1182 sicyonio
940 1104 1103 1165 conlectum

187 1193 213 1250 si
241 1209 311 1251 vero
339 1190 468 1271 lapidum
496 1191 542 1251 vel
565 1208 724 1251 arenarum
754 1192 847 1252 luerit
873 1192 1011 1273 querela,
1038 1191 1102 1252 simi·

97 1278 165 1339 liter
188 1288 222 1339 ut
245 1281 406 1341 noireticos
430 1278 558 1340 curabis,

187 1370 232 1428 sin
260 1387 330 1429 vero
358 1387 394 1429 ex
422 1368 561 1428 cachexia
589 1369 724 1446 corporis
748 1367 785 1428 de
814 1368 944 1430 humore
969 1383 1101 1430 venenoso

98 1465 128 1516 ot
159 1456 290 1517 mordaci
322 1457 503 1518 ulceratione
532 1457 608 1517 lacta
635 1458 829 1535 asperitatem
856 1475 927 1519 cum
957 1457 1056 1519 dolore
1079 1458 1102 1514 iu

58 1546 193 1622 incapite
218 1554 340 1605 naturae
359 1547 509 1605 senserint
527 1547 687 1623 patientes,
711 1547 908 1606 reumatismo
928 1546 1103 1608 adscribitur.

98 1640 216 1710 oportet
249 1651 319 1712 ergo
351 1633 426 1693 lacte
459 1635 574 1693 asinino
606 1633 754 1712 tepefacto
790 1633 971 1712 frequenter
1003 1638 1102 1696 ieiunos

97 1728 209 1799 potare.
246 1721 326 1800 quod
350 1725 376 1781 si
398 1721 433 1780 ad
457 1739 600 1800 praesens
623 1739 684 1781 noo
707 1721 812 1804 luerit,
844 1726 1004 1803 caprinum
1027 1721 1102 1799 dabis,

98 1816 127 1868 ct
147 1809 285 1870 embroce
304 1809 396 1870 calida
416 1829 452 1869 ex
471 1809 546 1869 lanis
565 1809 677 1870 sucidis
693 1817 724 1870 et
742 1828 867 1871 rosaceo
888 1821 919 1873 et
934 1816 1004 1874 vino
1023 1810 1101 1874 mulso

98 1906 149 1958 aut
175 1917 262 1977 passo
291 1898 419 1959 admixto
449 1897 504 1958 sub
533 1897 674 1958 umbilico
701 1897 874 1976 pubetenus
897 1905 1048 1980 pectinem
1067 1895 1102 1957 vel

58 2001 85 2041 ao
98 1995 224 2066 utraque
248 1987 297 2047 ilia
321 1988 482 2066 cooperies.
520 1985 697 2046 mulieribus
720 1993 820 2047 autem
840 1996 872 2048 et
894 1993 1060 2068 pessarium
1075 2002 1101 2046 ex

97 2076 172 2136 lactc
201 2079 315 2135 asinino
342 2075 388 2136 vel
411 2076 532 2154 caprino
556 2082 607 2134 aut
633 2073 772 2134 muliebri
794 2075 873 2136 lacte
898 2077 1101 2157 apponendum.

97 2165 129 2222 in
156 2165 227 2224 viris
254 2183 325 2224 vero
354 2167 380 2225 si
407 2166 438 2224 in
466 2165 562 2242 capite
590 2171 714 2223 naturae
742 2181 878 2224 morsum
912 2185 984 2228 cum
1016 2165 1101 2226 dolore

98 2255 260 2333 senserint,
291 2272 346 2332 per
378 2252 522 2312 aulisoum
555 2253 667 2312 oticum
694 2269 820 2312 aeneum
851 2254 969 2336 lenem,
1002 2263 1030 2316 et
1055 2267 1101 2314 non

97 2359 217 2401 osseum
241 2359 277 2401 ne
306 2342 472 2420 frangatur,
499 2349 550 2401 aut
573 2350 655 2401 certe
680 2348 856 2418 argenteum
885 2342 1061 2405 fabricatum
1079 2346 1102 2398 et

171 2501 185 2548 1
206 2494 304 2549 etiem:
324 2496 353 2548 et
361 2511 393 2564 p.
466 2499 482 2546 5
501 2493 573 2546 tales
587 2509 620 2561 ep
638 2494 685 2560 (cf.
701 2492 763 2563 Gol.
781 2493 820 2561 X,
839 2499 917 2564 904).
991 2489 1102 2552 interiori

98 2582 170 2621 vena
188 2582 216 2631 c,
235 2564 381 2621 interiores
399 2581 485 2619 venos
499 2581 522 2632 p
541 2565 636 2632 (super
652 2564 727 2618 talos
745 2581 832 2619 venes
850 2565 1002 2623 interiores
1022 2563 1101 2629 Pon).
1142 2584 1144 2593 ·

98 2637 266 2718 dminoerit
284 2653 317 2705 cp
336 2635 482 2718 (minuitur
502 2635 596 2704 Pete).
682 2637 726 2689 est
743 2650 793 2718 om.
813 2653 835 2691 c.
926 2637 1071 2710 apollinis
1084 2638 1144 2713 p}

97 2707 283 2790 polhnibusp
298 2707 414 2776 (polline
429 2707 522 2789 Petri,
594 2711 776 2788 8papaver1o
789 2722 805 2761 c
820 2709 862 2777 (et
875 2711 984 2765 semine
999 2708 1102 2793 agrestis

97 2779 384 2908 blpearblblliebletlllco
404 2777 703 2929 etpbllssoncipecipglunllb
715 2777 789 2916 lim
824 2782 1102 2928 llosiet-yppprczpp

98 2922 143 2980 bis
162 2939 212 2977 om.
231 2939 253 2978 c.
337 2926 369 2975 13
390 2921 438 3001 Sin
458 2937 484 2974 c:
505 2919 580 2986 8112.
659 2918 698 3001 de
713 2934 740 2973 o:
759 2920 806 3003 vel
822 2937 851 2989 p.
929 2929 963 2978 15
983 2915 1102 2978 sensennl

96 2996 144 3064 (cf.
163 3011 188 3049 o.
208 2999 271 3060 23):
290 2992 454 3062 scripserint
467 3008 503 3059 p,
522 3005 572 3044 otu.
592 3005 615 3044 c.
686 2994 853 3046 romatismo
872 3009 899 3060 c,
919 2995 1066 3050 renatiemo
1077 3001 1101 3054 p·

98 3075 132 3122 16
152 3083 218 3136 ergo
237 3082 288 3120 om.
307 3080 329 3119 c.
419 3061 515 3117 ieiumi
538 3077 596 3142 e,
651 3067 683 3115 17
703 3061 792 3129 quod:
819 3063 870 3117 sed
890 3062 936 3133 (it)
956 3082 978 3120 c.
1064 3073 1101 3136 ep

96 3154 248 3210 presensp
339 3141 372 3189 18
391 3132 520 3188 embroce
544 3131 635 3186 calide
658 3148 699 3200 ep.
789 3149 870 3188 roseo
890 3152 912 3190 c.
1005 3140 1038 3190 20
1056 3129 1102 3184 abs

97 3209 225 3280 cooperis
243 3225 266 3277 o,
285 3222 364 3261 acore
372 3223 396 3288 p
410 3203 481 3291 gylia
499 3202 590 3272 operis
598 3205 653 3271 ρο).
727 3205 757 3257 et
772 3220 799 3259 o:
818 3220 870 3259 one
882 3222 913 3274 p.
989 3212 1021 3260 at
1040 3199 1101 3258 lanio

94 3301 128 3426 1,
144 3297 262 3408 11.
315 3283 348 3331 ²2
368 3292 480 3403 11
496 3290 610 3426 11
630 3278 944 3418 totilanem
1039 3273 1102 3399 11

96 3426 225 3497 frigetur
244 3422 294 3476 aui
312 3421 420 3474 ericum
438 3417 592 3472 fabricetur
610 3432 632 3470 c.
