2318 3788
436 188 680 264 ...169-

43 336 199 415 spumatio
233 335 323 395 etiam
355 341 386 396 et
422 333 635 396 insensibilitas
667 341 698 395 et
731 332 906 396 tenebratio.
957 337 989 397 in
1021 337 1068 398 his

43 422 210 486 cerebrum
237 425 350 502 patitur
379 432 410 485 et
437 425 533 486 omnis
560 424 726 485 nervositas
749 442 766 484 s
788 423 914 486 cerebro
944 424 1067 486 descen·

45 512 120 575 dens
149 510 208 573 sub
236 511 450 574 melancholico
478 513 604 574 humore
632 519 663 573 et
690 511 799 592 frigido
828 512 974 593 flegmate.
1017 513 1067 576 ali·

47 600 166 681 quando
191 619 208 661 a
232 601 385 663 stomacho
407 604 571 682 patiuntur.
609 611 656 662 est
675 603 754 662 enim
772 603 943 664 stomachus
966 603 1068 666 multis

48 692 150 752 nervis
175 689 368 752 sensibilibus
390 690 559 771 perplexus
596 697 627 751 et
650 692 675 751 si
698 690 790 772 torte,
813 699 847 753 ut
869 691 944 773 dixi,
969 711 985 754 a
1008 700 1096 754 sto-⁵

49 779 152 842 macho
177 781 277 859 passio
300 779 393 841 tuerit
411 789 478 843 nata
498 786 529 840 et
550 778 708 840 cerebrum
731 781 865 863 petierit,
888 783 1068 843 accessionis

50 878 186 948 tompore
214 869 357 930 fantasiae
384 869 481 931 oculis
509 868 695 949 efficiuntur,
724 877 759 929 ut
785 868 844 930 illis
874 869 984 948 qrribm
1007 871 1068 932 sul·

51 958 126 1021 lusio
150 960 309 1019 imminere
333 957 510 1020 ostenditur.
547 959 637 1018 etiam
660 965 690 1017 et
712 975 804 1037 vapor
827 959 947 1037 quidam
970 962 1001 1020 in
1025 961 1070 1020 eis

50 1045 85 1108 ab
112 1047 259 1108 interiore
287 1049 400 1108 ventris
426 1055 512 1128 parte
536 1046 764 1128 superfertur,
791 1065 851 1125 quo
879 1064 987 1127 vapore
1014 1050 1069 1109 mi·

49 1139 138 1215 ninga
175 1135 292 1215 pulsata
328 1139 515 1219 concutitur,
551 1143 583 1197 et
618 1135 737 1197 cadunt.
788 1136 966 1214 aliquotiens
998 1151 1110 1197 vero10

49 1224 104 1286 sub
136 1223 352 1286 melancholico
384 1225 510 1287 humore
542 1222 712 1285 laborantes
745 1223 865 1285 difficile
898 1226 1009 1286 cadunt
1040 1233 1070 1285 ot

47 1315 141 1375 ieiuni
168 1313 276 1392 flegma
304 1313 495 1375 subamarum
523 1321 554 1375 et
581 1330 757 1393 spumosum
779 1315 810 1372 in
843 1313 978 1374 faucibus
1002 1332 1069 1374 sen·

47 1404 137 1464 tiunt.
179 1401 337 1481 aliquando
361 1411 391 1464 et
414 1401 497 1464 cibos
520 1420 581 1462 non
611 1401 765 1483 digerunt,
792 1401 845 1462 sed
868 1401 978 1464 crudos
1000 1410 1071 1482 post

48 1509 154 1552 cenam
178 1492 327 1552 emittunt.
365 1500 395 1553 et
418 1501 465 1552 est
487 1491 611 1552 molesta
634 1493 733 1570 passio
755 1491 882 1552 maxime
905 1491 1070 1554 infantibus

47 1579 235 1641 brevissimis
268 1587 298 1641 et
329 1580 461 1642 novellae
493 1582 598 1642 aetatis
629 1581 742 1660 pueris.
792 1579 826 1640 tit
858 1579 905 1642 vel
936 1583 1070 1642 nascitur
1085 1594 1111 1635 1⁵

48 1670 299 1751 omnitempore,
322 1669 376 1730 sed
394 1668 462 1749 plus
481 1687 573 1730 verno
593 1669 785 1748 frequentare
804 1670 994 1731 manifestum
1014 1678 1069 1732 cst.

138 1760 171 1818 in
200 1757 405 1819 curationibus
432 1766 533 1821 autem
559 1760 591 1819 in
618 1760 724 1837 primis
747 1776 764 1818 a
789 1765 875 1837 tergo
903 1760 983 1820 inter
1006 1775 1069 1820 scs·

48 1847 136 1928 pulas
164 1848 244 1908 circa
273 1846 410 1927 spondyli
435 1846 536 1908 locum
563 1845 792 1926 praevaporabis
815 1849 948 1926 spongiis
976 1847 1070 1908 calida

49 1955 127 2016 aqua
155 1938 314 2015 expressis.
355 1943 408 2000 aut
435 1934 576 1998 cantabro
603 1937 635 1995 in
664 1934 787 1996 linteolo
810 1933 899 2014 ligato
923 1945 954 1996 et
975 1935 1070 1996 calida

50 2024 207 2087 ebullienti
233 2025 333 2086 intuso
361 2033 392 2085 et
419 2042 561 2104 expresso
591 2022 760 2104 vaporabis‚
790 2031 822 2084 et
849 2025 892 2084 sic
916 2023 1070 2086 scarilabis
1085 2041 1111 2082 so

50 2123 80 2176 et
111 2132 168 2194 per
200 2113 373 2175 cucurbitae
406 2121 525 2194 raptum
561 2119 780 2191 competentem
813 2114 988 2191 sanguinem
1019 2114 1070 2174 dc·

50 2203 161 2264 trahes.
203 2204 292 2264 etlam
316 2211 347 2263 et
370 2202 536 2283 stomacho,
565 2200 616 2262 ubi
643 2201 758 2262 serrum
786 2203 905 2280 operari
928 2220 988 2262 non
1018 2220 1070 2282 po·
1153 2242 1156 2250 -

51 2295 137 2374 terit,
164 2293 359 2370 sanguisugas
387 2308 519 2371 appones
547 2288 652 2351 eodem
676 2289 763 2349 modo
793 2307 853 2368 quo
877 2293 1016 2370 superius
1039 2293 1071 2351 in

51 2387 237 2462 empyemate
261 2381 503 2460 conscripsimus.
541 2386 571 2440 et
593 2386 662 2459 post
685 2377 899 2439 detractionem
918 2381 1071 2460 sanguinis

124 2514 255 2570 1hiisc.
343 2521 465 2570 asom,
485 2530 506 2569 c.
588 2513 782 2569 descendentis
801 2530 822 2569 c.
909 2513 1020 2569 lenim
1035 2532 1070 2586 p:

51 2589 147 2644 autem
166 2603 187 2642 c.
261 2584 570 2670 opplexusp,pfl013
591 2602 613 2640 c.
687 2584 817 2654 sponsio
837 2601 864 2640 cr
883 2601 933 2640 om.
949 2602 981 2655 p.
1055 2593 1070 2641 'l

52 2658 128 2715 oculi
148 2674 168 2714 c.
242 2657 408 2726 efficiuntp.
480 2655 583 2712 mfusro
598 2673 621 2712 c.
708 2655 857 2712 erminere
867 2673 898 2725 p,
917 2663 1033 2712 imiore
1047 2673 1070 2712 c.

50 2728 81 2784 in
99 2746 151 2786 om.
172 2745 193 2783 c.
268 2728 430 2784 tinteriori
449 2744 471 2782 c.
544 2727 717 2797 superfertur
731 2725 808 2796 (fetu
824 2744 850 2815 c:
869 2728 1070 2798 frequenterp.

48 2818 180 2888 miningas
194 2834 220 2873 c:
234 2809 351 2888 immigs
359 2835 390 2888 p.
465 2823 498 2872 10
517 2816 676 2878 concutitur
689 2832 715 2870 e:
735 2798 836 2886 edesint
852 2815 1029 2885 (-curritnr)
1038 2833 1070 2886 p.

49 2889 205 2960 aliquando
225 2892 285 2960 (om.
300 2892 376 2959 vero)
392 2906 413 2944 c.
489 2894 522 2943 12
536 2889 640 2959 flegma
653 2904 703 2943 om.
720 2904 742 2944 c,
814 2887 1029 2957 subspumosum
1039 2905 1071 2957 p.

52 2967 85 3016 13
105 2961 183 3016 cibos
207 2977 234 3018 cz
260 2960 394 3015 carbones
412 2961 477 3030 (pro
500 2960 608 3030 earnes)
629 2975 659 3028 p.
770 2964 803 3012 14
822 2957 959 3013 omittunt
976 2973 1028 3013 om.
1048 2976 1070 3014 c.

50 3032 79 3088 in
98 3031 149 3086 inf.
165 3049 197 3102 p.
289 3036 322 3085 15
340 3031 512 3086 brevissimis
531 3048 557 3085 c:
580 3029 706 3100 parvulis
720 3046 751 3099 p.
845 3035 877 3084 16
896 3045 982 3085 verno
999 3031 1071 3085 tem·

50 3120 119 3174 pore
144 3120 165 3158 e.
259 3107 292 3157 18
316 3103 391 3158 circa
412 3119 462 3157 om.
488 3119 509 3158 c.
600 3101 734 3172 spondilii
757 3117 785 3168 c,
813 3100 1016 3170 spondiliorum
1038 3117 1071 3172 p.

50 3173 247 3245 prevaporatis
264 3191 297 3242 p,
318 3172 409 3228 -tius
427 3191 450 3231 c.
523 3173 715 3242 concisaque
733 3189 761 3239 e,
784 3189 817 3228 ex
841 3171 935 3228 calida
952 3189 1026 3242 aqua
1039 3190 1070 3242 p.

52 3252 86 3301 19
106 3245 198 3301 calide
216 3244 348 3301 bullienti
361 3262 397 3314 p,
422 3244 513 3301 calide
536 3244 686 3299 ebulientis
710 3260 732 3300 c.
824 3250 859 3299 20
880 3243 998 3299 infundo
1025 3261 1070 3299 ex-

50 3334 148 3388 presso
163 3333 185 3374 c.
259 3314 427 3372 soorifioabis
443 3333 483 3386 cp.
557 3321 589 3370 21
604 3331 655 3386 per
670 3332 696 3372 c:
716 3315 782 3384 post
791 3331 822 3384 p.
895 3318 1072 3387 competente

52 3387 208 3459 sanguise,
227 3387 599 3458 competentersonguinem
609 3404 639 3457 p.
713 3392 746 3441 23
765 3402 896 3456 apponas
912 3404 942 3452 c„
956 3387 1088 3446 —s‘xm

52 3465 87 3515 24
106 3461 231 3531 epimate
242 3476 274 3528 p.
356 3514 367 3534 ,
