2318 3788
499 187 697 250 ..2-

181 382 202 442 l.
243 383 291 444 Ad
323 382 464 443 tardum
496 385 571 444 sive
607 386 849 445 inveteratum
882 388 1015 465 capitis
1050 387 1115 447 do·

90 471 203 531 forem
232 490 333 551 quem
363 471 490 532 Graeci
517 472 743 552 cephalaeam
771 473 968 554 appellant,
1000 483 1035 535 et
1069 476 1114 536 ad

93 562 171 621 eius
185 561 393 621 medietatis
408 578 511 639 quem
526 563 747 622 emicranion
762 572 902 644 vocant,
922 572 956 623 et
975 564 1015 623 ad
1030 583 1112 624 ver-

91 651 273 728 tiginosos
302 667 391 728 quos
418 649 631 728 ilingiontas
654 650 851 732 appellant,
880 660 914 712 et
938 652 977 712 ad
1008 662 1112 713 tone-

64 736 217 798 sbrosos
242 756 330 816 quos
354 740 612 799 scotomaticos
636 739 769 800 dicunt.

179 861 323 922 Universa
350 861 424 922 haec
447 865 478 922 in
502 864 597 941 capite
622 863 800 924 efficiuntur.
839 872 868 924 et
887 872 933 924 est
952 863 1114 942 cephalaea

92 969 128 1011 ex
147 952 228 1010 omni
246 958 329 1029 parte
354 953 459 1030 capitis
482 952 646 1011 inveterata
668 954 780 1032 passio,
804 971 877 1030 quas
895 953 1002 1012 Graeci
1022 952 1113 1013 chro-

91 1040 155 1099 nias
188 1037 329 1098 diathesis
361 1048 480 1118 vocant,
511 1038 558 1099 vel
590 1041 682 1100 totius
710 1039 899 1101 membranae
932 1059 1007 1119 quae
1041 1060 1113 1102 ossa

90 1129 195 1208 capitis
218 1126 347 1206 desuper
370 1128 574 1188 circumvestit
602 1131 789 1208 superposita
812 1129 930 1189 ossibus
954 1128 1114 1209 subposita

50 1219 165 1297 secuti,
203 1223 233 1276 et
270 1215 434 1295 appellatur
471 1235 487 1276 a
529 1215 649 1276 Graecis
689 1219 886 1298 perforanios,
927 1226 978 1278 aut
1014 1220 1114 1297 ipsius

89 1304 279 1366 membranae
302 1307 408 1386 partis,
436 1323 525 1384 quam
552 1312 695 1365 consuete
724 1309 907 1366 emicranion
930 1306 1042 1366 dicunt.
1085 1310 1113 1367 si

89 1412 160 1454 vero
184 1411 254 1455 cum
277 1411 427 1454 consensu
449 1392 584 1477 radicum
607 1393 763 1454 oculorum
790 1393 950 1455 bulborum
973 1397 1112 1474 ipsorum

90 1483 181 1543 fuerit
204 1482 301 1562 dolor,
323 1483 504 1542 manifestim
527 1484 558 1542 in
582 1481 706 1543 cerebro
729 1484 796 1544 fieri
818 1483 994 1544 ostenditur.

179 1571 325 1648 contingit
356 1570 544 1648 frequentius
579 1589 615 1630 ex
648 1571 841 1649 perfrictione
874 1581 925 1632 aut
957 1575 1112 1632 contrario

50 1680 75 1720 15
89 1659 246 1720 adustione
269 1665 321 1718 aut
344 1657 504 1718 vinolentia
527 1666 578 1718 aut
598 1676 745 1738 percussu
768 1669 820 1720 aut
844 1663 1019 1720 ventositate
1039 1679 1111 1722 cau·

89 1751 164 1809 satio
203 1748 392 1808 nervositatis
424 1745 613 1807 membranae
649 1749 839 1826 perieraniou
876 1767 966 1827 supra
1003 1749 1111 1810 dictae.

89 1836 165 1897 solet
188 1838 277 1896 etiam
301 1843 331 1896 et
359 1837 511 1896 austrinus
534 1853 586 1895 aer
608 1837 733 1896 iniurias
756 1839 861 1916 capitis
884 1839 1014 1918 nutrire,
1039 1856 1111 1898 cum

162 2031 176 2079 1
200 2025 245 2078 Ad
268 2027 318 2080 orn.
337 2041 374 2093 p,
397 2025 446 2094 qni
467 2024 651 2080 nominativos
670 2026 766 2094 poenit
790 2025 841 2079 sic:
884 2024 1018 2080 Tardus.
1040 2027 1110 2082 ,1η-

87 2097 230 2152 veteratus
245 2139 250 2152 .
267 2137 273 2149 .
289 2095 389 2151 dolor.
406 2135 412 2148 .
428 2138 434 2149 .
450 2098 480 2150 et
498 2095 557 2150 eius
574 2113 611 2149 m.
630 2112 695 2164 pars
716 2099 788 2166 (pas)
804 2138 809 2149 .
826 2137 832 2149 .
851 2099 881 2151 et
898 2095 1064 2165 vertiginosi
1080 2138 1109 2152 ..

88 2170 117 2222 et
146 2167 296 2223 tenebrosi.
342 2168 374 2221 in
395 2167 510 2222 rubrica
537 2165 582 2219 Ad
606 2166 770 2235 cephalotam
788 2183 839 2235 pe,
862 2167 903 2221 De
928 2167 1064 2236 cephalea
1081 2186 1108 2238 9.

88 2237 275 2293 3medistatis
290 2239 401 2307 partem
415 2239 491 2307 (pars
500 2239 534 2306 p)
552 2253 636 2305 quam
647 2254 699 2306 ppo
713 2238 772 2305 (nbi
781 2237 941 2292 medietatis
951 2263 985 2283 =
996 2239 1110 2294 mediae

87 2309 189 2380 partis,
208 2311 281 2364 nnde
299 2310 371 2378 quod
389 2310 470 2363 uniet
486 2309 616 2376 partem).
689 2308 859 2362 amictanion
877 2325 904 2375 c,
931 2308 1111 2379 emigranion

87 2397 132 2450 pp.
183 2381 217 2448 cf.
238 2380 310 2436 Unel.
329 2380 401 2434 Aur.
416 2396 446 2448 p.
464 2384 522 2435 269
542 2378 587 2446 (de
607 2379 768 2450 emigraneo
787 2379 882 2434 dolore
901 2379 980 2434 Alea.
999 2382 1031 2450 I,
1051 2384 1109 2450 45).

88 2459 105 2506 4
124 2451 276 2506 ilicnuntas
290 2467 321 2520 9,
340 2449 394 2522 <ili
410 2451 474 2505 odd.
494 2451 530 2504 ul.
544 2449 600 2522 m.)
616 2452 621 2519 Ι
637 2451 750 2519 giuntas
765 2467 796 2519 p,
814 2450 961 2520 illignntas
980 2468 1001 2505 c.
1092 2459 1109 2507 b

88 2523 217 2578 dixerum
231 2539 252 2578 o.
327 2529 342 2576 6
358 2521 494 2591 cephalea
508 2523 550 2589 (nt
563 2525 660 2590 snpra)
676 2538 736 2590 ppo.
811 2528 825 2576 t
841 2539 926 2590 quas:
948 2539 1032 2590 quam
1045 2541 1109 2592 ppo.

89 2593 198 2648 cronias
215 2593 338 2648 diathesi
351 2610 381 2661 p.
473 2599 490 2647 8
509 2591 597 2646 totius
616 2608 665 2648 om.
683 2610 712 2660 p.
803 2599 819 2646 9
839 2593 1031 2647 circumvestit
1049 2611 1064 2648 c
1083 2602 1109 2649 et

88 2665 201 2731 (circum
216 2666 288 2719 inter
302 2665 351 2719 tin.
361 2664 437 2730 odd.)
451 2670 482 2733 9⁰
495 2662 599 2732 (simp
615 2663 703 2718 vestit
715 2680 760 2744 pp.
833 2664 1009 2732 superposita
1021 2668 1109 2720 vesti·

87 2735 147 2790 bus.
167 2735 274 2790 ossibus
284 2735 362 2804 subp.
374 2734 432 2789 cuti
441 2736 505 2802 (sto)
514 2751 536 2789 o.
596 2735 1007 2804 superpos1ta(tternm)outip.
1074 2744 1108 2791 10

88 2807 261 2876 appellatur:
280 2805 383 2860 dieitur
401 2822 423 2860 c.
495 2805 674 2875 perigranion
687 2821 720 2874 oc
739 2804 925 2874 (perieranion
933 2824 965 2875 p,
998 2801 1013 2861 ὁ
1029 2826 1108 2878 περι-

87 2875 203 2947 κράνιος
216 2872 293 2946 ὑμήν
310 2877 385 2946 Gal.)
458 2882 490 2930 11
501 2877 631 2945 portien:
650 2891 715 2945 pars
728 2892 768 2944 pc.
842 2893 926 2944 quem
941 2880 987 2944 (se.
1002 2879 1108 2947 passio·

87 2950 161 3016 nem)
175 2965 224 3018 op:
240 2948 317 3017 quod
330 2964 352 3003 c.
417 2949 562 3002 consuete:
577 2948 710 3002 consueto
725 2946 837 3001 nomine
852 2946 881 3002 0.
892 2948 928 3001 A.
940 2965 969 3016 p.
984 2954 1042 3005 269
1058 2951 1107 3018 (cf.

87 3021 120 3074 de
133 3021 240 3075 henaim
256 3019 319 3073 Gal.
329 3024 378 3085 12,
392 3023 467 3085 593).
540 3017 716 3087 emigranion
728 3033 775 3087 pp,
790 3017 961 3073 emicranion
976 3036 997 3074 o.
1073 3028 1108 3076 12

89 3107 152 3144 cum
167 3108 248 3145 sensu
262 3107 283 3145 c.
356 3091 406 3144 aut
420 3091 458 3159 (a)
473 3089 622 3145 bulborum
631 3106 661 3158 p.
730 3090 767 3144 ad
780 3106 835 3143 rena
849 3090 884 3155 cf.
900 3089 962 3143 Gal.
977 3096 1026 3157 12,
1041 3096 1108 3147 563.

89 3168 121 3216 13
144 3161 320 3217 manifestius
338 3178 374 3230 p,
399 3163 479 3215 —tus
498 3178 521 3215 c.
619 3167 653 3214 14
677 3158 822 3229 Contingit
845 3161 940 3214 autem
963 3162 1002 3229 (a)
1025 3161 1059 3215 fr.
1075 3181 1107 3232 p.

86 3233 266 3302 perfrictione
281 3234 352 3302 (ouon
366 3233 523 3287 correctoris
532 3237 563 3302 9⁰
572 3233 608 3302 pt.
618 3232 709 3287 interl.
722 3231 836 3300 frigore)
846 3247 890 3299 pc:
905 3232 1107 3299 perfricationr

86 3305 165 3370 (vitto
184 3305 261 3373 oport
277 3304 438 3358 recentiores
455 3303 577 3371 solemni)
592 3318 622 3370 p.
715 3302 855 3356 contraria
873 3317 894 3356 c.
990 3309 1024 3358 tc
1042 3321 1105 3373 per—

88 3393 169 3430 cussu
186 3392 233 3446 pe:
251 3391 417 3445 percussura
430 3392 461 3444 p.
533 3372 709 3428 ventositatis
729 3372 898 3428 causatione.
923 3375 1106 3433 nervositatis

86 3463 146 3515 ppo.
218 3453 250 3500 16
269 3445 450 3516 perigranion
466 3461 485 3515 9
503 3443 664 3514 (-oranion
678 3461 709 3513 p,
732 3441 881 3499 -ctanion
900 3446 933 3511 c).
