2318 3788
485 184 703 248 „20-

85 329 225 391 fundatae
249 338 279 391 et
301 329 468 390 immobiles
486 329 533 390 vel
556 328 680 390 callosae
699 331 763 389 sine
787 327 897 388 dolore.
935 327 1008 388 aliae
1033 347 1107 390 vero

86 418 211 501 mobiles
234 427 265 480 et
287 418 386 479 radice
414 417 527 479 debiles
555 426 586 479 et
607 417 757 479 modicum
779 420 859 478 circa
881 417 1012 478 radicem
1036 418 1107 479 hae·

18 572 20 577 ,
86 517 196 569 rentes.
233 510 264 568 in
287 506 451 569 insentibus
474 509 592 588 saepius
616 513 781 568 nascuntur
809 514 839 566 et
861 506 1019 586 aliquando
1052 526 1108 568 sua

87 606 192 677 sponte
208 597 325 657 cadunt.
359 614 433 675 quae
451 615 520 657 cum
538 595 630 676 digito
649 597 762 656 fuerint
779 597 951 677 impressae,
970 595 1108 658 dolorem

59 698 72 738 ⁶
86 685 199 747 iaciunt
213 685 340 746 similem
353 685 503 746 morsibus
522 685 722 759 formicarum,
741 684 820 744 unde
839 702 979 764 graecum
994 703 1108 747 nomen

85 777 264 855 myrmeciae
292 782 483 854 acceperunt.
530 782 600 835 sunt
628 773 701 834 aliae
733 791 855 852 asperae
889 781 919 834 et
956 775 1108 854 crispulae

85 864 117 925 in
141 863 364 924 similitudinem
388 865 566 924 summitatis
585 863 687 943 thymi,
710 861 790 922 unde
809 881 825 921 a
844 862 965 923 Graecis
984 862 1108 942 thymos

85 952 281 1032 appellantur:

176 1040 228 1101 sed
257 1040 395 1102 omnibus
424 1059 513 1120 supra
542 1040 630 1101 dictis
653 1058 711 1120 una
736 1048 782 1101 est
808 1042 931 1100 curatio.
978 1040 1036 1101 hoc
1062 1051 1110 1102 est

46 1143 73 1183 10
87 1128 231 1208 tithymali
258 1130 392 1212 lacrima,
424 1148 498 1209 quae
527 1131 630 1191 estin
659 1128 883 1190 similitudinem
915 1129 1013 1211 lactis,
1048 1125 1120 1191 fre·'

87 1225 215 1298 quanter
242 1220 321 1298 ipsas
349 1237 489 1280 verrucas
517 1218 628 1299 illines,
657 1225 687 1278 et
713 1219 897 1296 putrefactae
922 1218 1032 1278 cadunt
1061 1237 1108 1279 ra-

86 1305 204 1369 dicitus.
245 1306 333 1368 aliud.
375 1307 410 1368 ad
439 1310 614 1387 myrmecias
645 1307 793 1368 infantum
821 1307 970 1367 coriandri
1001 1308 1117 1368 viridis

87 1397 156 1457 folia
181 1415 248 1458 curn
273 1397 331 1457 sale
356 1399 428 1458 trita
451 1403 649 1476 apponuntur.

416 1537 494 1603 xttt
529 1537 578 1597 td
601 1539 777 1616 stigmata.

48 1656 74 1695 15
178 1643 320 1722 Stigmata
353 1643 494 1704 dicuntur
521 1642 709 1704 characteres
737 1646 893 1724 nominati,
925 1662 1001 1723 quos
1029 1647 1108 1707 rnili-

87 1734 215 1794 tantium
237 1749 343 1792 manus
370 1732 416 1794 vel
444 1732 621 1793 feminarum
648 1750 818 1793 maurorum
842 1733 941 1793 vultus
965 1735 1106 1795 ostendit.

177 1820 323 1882 tolluntur
354 1839 425 1881 vero
456 1820 624 1901 periculose
652 1821 867 1881 medicamento
898 1822 1107 1884 discoriatorio

89 1909 169 1990 quod
196 1909 302 1970 Graeci
329 1910 470 1970 eedorion
497 1918 611 1971 vocant.
658 1917 704 1970 est
727 1912 806 1970 enirn
834 1912 982 1971 causticae
1007 1919 1036 1971 et
1062 1932 1107 1972 se-

89 2001 184 2079 pticae
209 2000 328 2060 virtutis
350 1999 381 2060 id
404 2007 450 2060 est
473 2000 659 2060 incensoriae
682 2005 713 2059 et
735 1999 975 2078 putriticatoriae.
1019 2003 1108 2062 cuius

161 2159 175 2206 1
195 2152 242 2207 vel
258 2169 303 2222 pc:
324 2153 396 2220 etp.
488 2157 504 2205 2
524 2153 554 2206 et
575 2150 671 2205 radice
693 2151 811 2206 mobiles
830 2152 860 2206 et
877 2152 972 2206 radice
998 2153 1108 2210 debiles

90 2224 142 2290 (sic
160 2239 194 2277 99
214 2223 322 2292 duplici
340 2223 410 2290 tect.)
428 2239 456 2290 9,
480 2224 510 2276 91
537 2221 639 2276 radicis
662 2220 763 2277 debilis
782 2239 813 2292 9,
895 2222 1039 2278 modicum
1061 2243 1107 2296 pc:

89 2310 157 2348 —ce
171 2311 201 2362 9.
275 2310 297 2347 9.
317 2291 444 2348 radicem
479 2292 509 2345 in
523 2293 679 2347 infantibus
694 2298 740 2349 etc.
755 2310 800 2363 99,
820 2310 842 2349 c.
857 2293 981 2348 radicem
996 2312 1109 2352 serenes

90 2364 161 2432 (sic).
199 2365 232 2418 In
254 2361 408 2418 infantibus
431 2380 446 2418 9
470 2365 553 2433 (made
576 2366 719 2434 serpentes
742 2366 909 2435 serapoeum,
934 2367 981 2420 sed
1007 2384 1108 2436 parum

89 2435 184 2490 radice
203 2435 369 2490 adherentes
387 2434 483 2489 staca
500 2450 522 2489 s.
541 2435 756 2504 acrocordines).
829 2441 847 2489 4
866 2453 930 2490 cum
948 2453 994 2506 pc:
1014 2454 1065 2493 999.
1077 2457 1108 2509 p.

90 2512 106 2562 t
120 2523 203 2576 greco
217 2506 330 2561 nomine
344 2505 508 2574 myrmetiae
522 2522 624 2561 nomen
638 2522 663 2560 a.
677 2522 704 2577 9,
722 2505 836 2585 nomine
849 2524 934 2577 greco
948 2508 1108 2566 mirmecias

86 2614 114 2650 n.
135 2612 160 2650 a.
180 2613 203 2662 c,
221 2600 240 2649 fi
258 2580 310 2665 fico
329 2593 455 2649 mirmice
473 2583 493 2649 ii
510 2596 714 2664 acceperuntp
733 2595 909 2664 (myrmecias
934 2612 1029 2666 999999
1047 2616 1108 2667 999.

87 2668 157 2736 epi)
229 2673 246 2721 6
261 2667 287 2722 S.
303 2664 440 2735 9191199.
531 2682 561 2719 cr
587 2667 672 2736 polae
689 2667 753 2731 (litt.
769 2671 833 2735 poet
851 2685 865 2719 r
883 2667 990 2723 1999919
1008 2675 1044 2723 a?
1064 2673 1109 2740 et)

88 2754 115 2806 9,
134 2738 245 2806 crepula
264 2755 286 2806 c,
307 2735 412 2804 cripule
431 2726 572 2806 (bpulelp
591 2736 722 2808 (crispulo
740 2737 856 2805 Simon).
895 2785 896 2789 ,
957 2744 972 2792 't
991 2741 1064 2808 tymi
1082 2758 1108 2811 9,

88 2805 173 2862 thimi
186 2825 232 2877 99.
322 2808 415 2875 tymos
429 2824 455 2876 9,
473 2807 614 2876 thimeae,
633 2809 745 2863 thomos
759 2824 790 2877 9.
883 2814 916 2863 10
930 2809 1049 2864 titimali
1066 2829 1109 2881 99,

90 2879 205 2933 —malli
219 2897 250 2948 9.
322 2877 439 2933 lacrimo
457 2895 516 2948 999.
590 2880 668 2948 dest
681 2895 708 2936 c:
727 2880 780 2934 hoc
795 2881 838 2933 est
855 2895 881 2948 9,
900 2896 950 2936 om.
965 2897 989 2950 9
1008 2883 1069 2950 (ubi
1087 2885 1108 2940 1.

89 2950 214 3007 lacrimo.
252 2950 270 3006 i.
295 2950 369 3005 lacte
392 2949 571 3019 frequenter).
662 2949 750 3004 illinis
776 2967 836 3020 999.
927 2970 954 3020 p.
972 2952 1109 3008 radicitus

90 3021 195 3077 cadunt
208 3038 254 3091 99.
347 3025 384 3074 12Ἱ
398 3019 557 3076 mirmecias
574 3038 634 3091 999.
724 3021 864 3075 infantum
882 3038 932 3090 pp:
959 3024 1067 3078 —tium
1086 3042 1108 3082 9.

90 3098 125 3146 14
134 3094 176 3149 tit.
185 3093 225 3146 De
235 3091 424 3146 caracteribus
429 3109 460 3161 p.
530 3099 563 3147 17
574 3091 772 3147 descoriatorio
782 3109 822 3162 99,
833 3093 1071 3161 de(d’)coriatorio
1077 3113 1109 3166 9.

91 3169 124 3218 18
144 3162 276 3217 eedorion
293 3180 319 3232 9,
338 3162 471 3218 exdorion
489 3181 517 3230 c,
537 3163 650 3218 ecdoria
668 3169 732 3218 9919
750 3179 819 3218 corr.
839 3165 897 3233 (qui
915 3165 967 3218 hec
986 3165 1066 3222 dona
1085 3173 1110 3222 91

89 3235 179 3289 91119
196 3251 283 3303 99999.
302 3233 464 3303 eccidorial)
478 3253 509 3304 9.
600 3235 652 3289 Est
669 3235 757 3290 enim:
776 3233 886 3289 Etenim
902 3251 927 3303 9.
1020 3240 1050 3292 91
1067 3257 1109 3294 se·

89 3305 183 3375 plicae
196 3322 214 3374 9
229 3306 270 3373 (91
284 3305 396 3376 stiptice
411 3308 447 3374 c):
467 3323 517 3360 om.
531 3323 558 3376 9.
634 3312 666 3360 19
685 3305 843 3360 incensorio
857 3308 887 3360 91
904 3307 1108 3375 putrificatorio

90 3377 150 3446 (sic)
168 3393 186 3445 9
205 3378 268 3446 (-9
281 3379 338 3447 pc).
411 3377 489 3432 cuius
508 3408 541 3417 —
560 3379 604 3432 est
622 3377 833 3446 (medicamenti
850 3393 900 3432 orn.
920 3380 945 3448 9)
963 3395 1008 3448 pc:
1033 3381 1109 3450 quod

90 3446 237 3503 conficitur
254 3447 294 3504 sic
306 3465 337 3519 9.
