2318 3788
476 159 671 222 ,3-

64 321 156 383 supra
180 303 292 364 dictam
314 301 515 364 membranam
538 302 584 362 vel
607 301 766 362 cerebrum
789 320 901 381 aquoso
925 311 955 363 et
978 303 1086 382 frigido

64 392 203 471 flegmate
227 391 381 452 infuderit.
418 410 486 452 nam
504 391 745 472 Hippocrates
769 393 892 451 senior
915 390 1086 470 dogmatum

64 483 207 561 princeps
230 483 262 541 in
286 481 433 541 aiorismis
457 482 500 541 sic
523 483 577 541 ait:
610 480 710 540 Austri
734 498 838 559 graves
862 479 989 561 auditui,
1018 479 1085 540 oali·

63 571 176 650 ginosi,
199 571 290 649 capiti
313 568 477 648 gravabiies
500 577 530 630 et
549 568 694 629 dissoluti.

154 659 320 718 curationis
340 666 439 719 autem
457 666 592 736 tempore
607 665 725 736 oportet
740 666 894 737 aegrotum
909 676 944 717 ex
963 656 1112 718 brachios

62 746 272 828 flebotomare,
300 749 327 807 si
359 754 458 807 tamen
487 754 582 807 aetate
611 748 725 806 iuvenis
758 747 849 807 tuerit
871 754 901 806 et
920 746 1085 807 secundum

63 844 202 896 naturam
230 853 340 914 corpus
369 835 534 896 ostenderit
561 837 623 895 sive
654 834 843 895 multitudine
867 837 931 895 suci
953 835 1084 915 plenum,

63 924 144 1003 quod
169 923 276 984 Graeci
298 923 498 1003 plethoricum
520 932 634 984 vocant.
671 930 701 983 et
722 925 748 983 si
770 931 875 984 venter
898 923 1084 1003 abstinuerit,

62 1013 192 1093 clystere
226 1011 419 1073 deducendus
451 1015 509 1074 erit
539 1032 575 1073 ex
608 1013 781 1073 decoctione
811 1012 1021 1091 coloquintidis
1052 1020 1084 1072 et

63 1103 149 1162 tenui
173 1103 327 1162 centauria
346 1100 445 1161 addito
464 1101 580 1162 modico
600 1100 687 1161 melle
711 1101 824 1167 etoleo
848 1103 976 1161 anetino.
1012 1100 1085 1162 dan·
1099 1117 1127 1156 ro

62 1190 136 1250 dum
168 1192 259 1250 etiam
291 1191 400 1250 ieiunis
433 1188 529 1250 tribus
562 1189 668 1250 diebus
700 1191 780 1250 inter
812 1189 891 1249 diem
920 1190 1085 1250 antidotum

62 1278 190 1339 Galeni
223 1278 302 1357 quod
335 1281 419 1357 picra
450 1278 622 1357 appellatur.
679 1288 710 1339 et
741 1281 767 1338 si
800 1277 945 1338 adiutoria
973 1278 1085 1360 localia,

62 1385 140 1446 quac
164 1369 263 1446 topica
286 1366 448 1447 appeliant,
478 1369 646 1446 oportuerit
669 1365 823 1447 adbibere,
847 1374 1001 1445 turgentes
1024 1384 1084 1426 ma·

61 1459 155 1517 terias
192 1473 335 1516 venarum
371 1454 467 1515 media
499 1457 530 1516 in
567 1457 665 1516 ironte
698 1455 826 1536 incides,
863 1463 914 1516 aut
941 1463 1023 1516 certe
1058 1457 1084 1515 si

61 1547 185 1605 minime
218 1545 424 1623 apparuerint,
458 1546 645 1623 sanguisugis
677 1552 770 1605 totam
805 1546 923 1624 operies
955 1545 1085 1605 frontem
1099 1561 1125 1601 15

61 1642 113 1694 aut
128 1631 317 1693 cucurbitam
331 1634 471 1712 occipitio
485 1633 702 1712 conglutinabis
717 1634 815 1694 addita
836 1625 840 1716 i
861 1632 975 1694 scilicet
993 1635 1082 1694 scari·
1093 1661 1117 1701 p.
1133 1650 1158 1690 zo

60 1722 182 1782 tatione.
229 1729 261 1781 et
288 1723 314 1781 si
342 1722 420 1782 forte
448 1739 485 1781 ex
512 1721 599 1800 plena
626 1721 799 1783 habitudine
828 1724 919 1782 totius
949 1723 1084 1801 corporis

61 1818 154 1890 caput
176 1808 295 1889 impleri
318 1813 463 1891 sensorio,
492 1810 571 1888 quod
595 1811 715 1890 quidem
739 1830 775 1871 ex
799 1811 950 1889 frequenti
973 1813 1084 1871 tinnitu

61 1901 182 1960 aurium
205 1905 256 1959 aut
279 1900 426 1977 vertigine
445 1905 496 1958 aut
515 1906 583 1959 ante
603 1899 706 1959 oculos
726 1899 859 1960 subiecta
878 1898 1083 1960 tenebratione

61 1989 156 2066 magis
175 1987 357 2067 agnoscitur,
381 1985 505 2047 Galeni
525 1987 686 2049 cathartico
706 1987 753 2047 dia
775 1995 821 2048 tes
839 1986 919 2047 aloes
938 1986 1083 2066 appellato
1098 2005 1124 2045 ao

60 2076 205 2137 humores
237 2092 292 2154 per
324 2082 460 2136 ventrem
492 2075 642 2157 erogabis,
679 2079 704 2136 si
737 2084 836 2136 tamen
869 2075 971 2136 senilis
1003 2083 1083 2136 aetas

136 2287 152 2335 1
172 2279 252 2335 dicta
269 2280 396 2335 membra
413 2297 455 2351 pc,
474 2282 551 2337 dictu
568 2283 733 2337 membrana
746 2299 778 2352 9.
864 2299 970 2351 aquoso
989 2285 1019 2338 eb
1035 2284 1083 2338 fri-

60 2352 129 2422 gido
148 2351 282 2422 flegmate
298 2368 347 2420 pc:
371 2369 507 2421 aquosum
527 2355 556 2408 ei
578 2353 711 2424 fn'gidum
737 2353 851 2422 (flegma
874 2356 946 2408 tuter
965 2355 1013 2409 liu.
1032 2357 1082 2424 9⁰).

60 2431 77 2477 2
96 2425 247 2493 ypocrotes
264 2439 325 2492 ppo.
395 2429 416 2478 ¹3
435 2424 575 2480 aforismis
593 2442 624 2494 9,
645 2424 785 2479 aforismis
801 2441 822 2493 9
839 2425 942 2493 (Hipp.
961 2425 1009 2493 111,
1030 2432 1082 2480 ⁷20

60 2494 161 2564 Dipo).
271 2493 388 2549 ambrini
405 2512 433 2563 9,
526 2495 637 2550 auditui
655 2512 681 2550 c:
701 2495 804 2550 iudiiui
824 2497 884 2563 (aie)
902 2512 932 2564 9,
952 2496 1082 2568 auditu<i

59 2567 125 2621 add.
145 2582 216 2620 corr.
234 2565 309 2638 rec>
325 2582 353 2633 9.
440 2567 578 2636 dcapitis
596 2569 659 2634 (sic)
678 2583 738 2636 ppo.
817 2572 951 2636 oegrum
970 2584 991 2621 c.
1065 2575 1081 2622 6

58 2637 244 2692 deuotomare
265 2652 296 2706 9,
319 2636 516 2692 flebothomari
538 2640 604 2707 (-e
623 2645 659 2706 p⁰
682 2644 708 2692 et
730 2642 756 2704 c)
773 2655 803 2707 9.
890 2637 935 2693 si.
952 2680 958 2692 .
975 2682 981 2692 .
996 2638 1082 2694 fuerit

59 2724 111 2777 99.·
130 2707 155 2762 si
173 2723 232 2762 uon
250 2709 326 2761 etate
344 2707 498 2764 iuventutis
517 2710 558 2776 (ei
576 2725 629 2764 sec.
649 2711 707 2764 nat.
726 2713 784 2778 etc.)
804 2725 825 2763 c.
900 2715 914 2764 7
934 2709 1034 2778 plenus
1051 2727 1081 2778 9.

59 2779 195 2848 Spleton
212 2795 271 2848 ppo.
308 2778 579 2846 cflGal.12,505.
671 2781 701 2834 et
719 2780 743 2834 si
761 2783 859 2834 venter
876 2796 909 2848 p:
936 2781 1022 2835 fuerit
1038 2781 1081 2834 in·

59 2853 161 2905 ventus
181 2850 277 2918 (absi.)
291 2867 321 2918 9.
432 2856 448 2905 9
468 2869 502 2906 ex
518 2868 566 2920 po:
590 2853 620 2906 et
636 2867 662 2921 9.
754 2851 896 2921 coloqui(a
919 2856 982 2906 onte
1000 2854 1080 2920 corr.)

11 2954 14 2958 Δ
58 2921 138 2994 ntidp
157 2938 175 2991 9
195 2919 268 2988 (-—d'
283 2925 339 2989 pc).
409 2928 446 2996 ¹11
466 2922 568 2977 ieiunis
587 2924 619 2976 iu
635 2939 723 2992 marg.
741 2924 831 2992 suppl.
850 2929 888 2992 9⁰.
968 2929 1001 2976 12
1020 2923 1080 2993 gal·

59 2992 128 3047 lieni
150 3009 182 3061 9,
207 2991 315 3061 gebeni
332 3009 371 3061 pe
396 2994 470 3062 (item
491 2994 591 3062 iufra).
680 2995 763 3063 pigra
784 3010 843 3064 ppo.
934 2993 971 3047 si:
994 2992 1034 3047 sie
1058 3011 1079 3049 c.

60 3069 93 3119 13
114 3079 187 3146 qnae
206 3064 248 3132 (51)
267 3078 294 3117 c:
321 3064 396 3131 quod
415 3063 465 3134 (qd
483 3070 509 3119 et
526 3067 566 3134 (p)
585 3081 629 3135 99.
655 3135 660 3146 Ι
714 3066 858 3135 surgentes
882 3068 946 3147 ante
964 3081 1033 3148 corr.
1048 3081 1079 3134 9.

58 3141 228 3288 didisti}
253 3149 359 3274 ‘ibai
370 3222 411 3275 90.
451 3140 485 3190 ³⁶
504 3136 788 3279 id'pididifdbu
816 3152 1029 3289 ,ppopsspgp
1048 3154 1081 3277 ἓ

56 3277 391 3476 §diiiif'ffess‘gp
406 3280 610 3420 ibgbi'id'
682 3281 1016 3419 dimittitemini
1035 3295 1082 3417 id

113 3437 270 3489 s1-1mp
307 3437 359 3475 ren
385 3437 436 3489 pc:
455 3437 505 3476 om.
519 3438 546 3492 9.

910 3508 948 3562 Χ*
