2318 3788
481 136 724 202 -146-

91 284 122 346 id
153 295 198 346 est
229 285 409 364 dimissoria,
441 290 560 362 oportet
592 282 757 362 cumprime
785 291 943 362 aegrotum
970 281 1084 366 pdrebeo
1137 310 1139 363 p

92 373 186 435 calido
214 379 395 455 pertractum
422 371 519 432 lavare
547 369 681 432 calidiori
706 369 825 433 lavaero
857 389 895 434 ex
922 391 998 454 aqna
1025 372 1086 434 duld

90 473 280 543 praeparato,
312 468 343 521 et
374 463 499 521 maxime
531 459 598 520 illos
627 459 813 522 lavacrorum
844 469 1007 544 amatores,
1030 479 1088 543 quos

91 550 198 612 Graeci
228 548 429 611 iilolu'truntas
460 547 617 629 appellant.
663 556 694 610 et
724 557 886 629 postquam
917 551 1090 614 calidioribus

65 639 175 701 ocellis
194 656 334 719 egressus
353 638 453 721 luerit,
471 641 503 699 in
521 639 665 717 piscinam
683 635 869 701 descendere
886 639 988 703 fades
1018 642 1090 705 etin

91 737 122 790 et
143 730 248 790 urinas
265 728 392 808 simplici
411 729 572 808 apozimate
595 726 771 806 provocabis
790 745 828 789 ex
850 728 1026 791 decoctione
1045 730 1092 810 apli

91 825 122 878 et
155 819 248 898 aneti,
280 834 339 896 qno
371 818 466 896 possit
497 815 606 876 bumor
637 815 687 876 ille
714 813 827 877 fellitos
851 835 909 896 per
934 821 1034 880 urinas
1054 818 1093 880 de

90 907 221 985 purgari.
257 908 327 966 vino
349 923 420 966 vero
444 912 603 985 antequam
620 905 776 985 aegritudo
797 907 907 986 pepsin
929 906 1019 969 iaciat
1037 924 1094 988 pro

91 993 216 1056 bibabis.
252 1001 409 1074 postquam
433 1011 504 1054 vero
528 994 634 1054 lecerit
655 995 775 1075 pepsin,
798 1001 891 1055 tenue
914 1003 946 1057 et
967 1004 1095 1076 aquatum

52 1097 78 1137 10
92 1082 247 1144 concedes.
289 1091 320 1144 et
343 1082 467 1143 mulsam
495 1080 632 1161 frigidam
655 1081 712 1143 sub
740 1081 814 1142 hora
837 1086 1018 1146 accessionis
1037 1090 1097 1166 post
1137 1150 1139 1155 ,

91 1174 217 1252 primam
244 1172 401 1252 periodum
427 1173 512 1252 potui
540 1169 636 1251 dabie,
665 1173 805 1250 quioniam
833 1171 873 1232 iel
900 1171 1042 1256 rubeum
1065 1190 1096 1234 es
1137 1162 1139 1245 ἶ

92 1279 151 1341 quo
184 1279 272 1323 carisa
304 1267 454 1342 movetur,
487 1277 579 1340 super
610 1277 714 1320 omnes
746 1259 889 1321 humores
922 1263 955 1323 in
982 1278 1097 1343 corpore

92 1352 170 1410 sicca
193 1359 223 1410 et
246 1367 344 1410 amara
367 1352 476 1410 virtute
499 1350 591 1428 rigat,
613 1347 740 1426 ideoque
759 1356 794 1409 ut
813 1367 904 1428 supra
928 1350 1098 1413 dictumest

92 1446 296 1517 competenter
328 1437 526 1500 humectando
559 1444 589 1498 et
620 1437 825 1516 refrigerando
859 1446 890 1500 et
922 1438 1098 1503 obdulcando

52 1540 78 1580 re
92 1525 218 1586 sanabis.
259 1528 302 1586 sic
331 1528 412 1586 enim
438 1528 537 1586 omnia
564 1527 722 1586 contrariis
749 1524 807 1586 sibi
833 1525 927 1588 rebus
956 1537 1097 1590 curantur.

180 1615 306 1694 lysicunr
324 1613 361 1673 ad
379 1622 483 1693 typum
501 1616 671 1675 tertiarum.
706 1615 857 1676 coriandri
876 1618 1001 1679 seminis
1018 1633 1098 1698 grana

91 1701 132 1762 lll
155 1709 223 1782 post
246 1704 365 1763 tertiam
388 1701 434 1762 vel
458 1709 593 1781 quartam
616 1701 773 1783 periodum
798 1702 883 1765 dabis
906 1706 1097 1769 nescientiin

91 1809 146 1851 ovo
161 1790 307 1852 sorbenda
322 1800 390 1851 anta
410 1790 480 1852 solis
499 1797 599 1851 ortum
618 1798 685 1851 anto
705 1794 918 1876 accessionem,
938 1803 968 1856 et
983 1793 1098 1856 sanabis.

144 1967 243 2029 LVlll.
280 1968 329 2029 Ad
352 1977 473 2048 typum
498 1969 694 2028 tertianum
718 1986 788 2029 non
811 1971 1053 2036 manifestum.

52 2106 78 2146 ao
180 2091 247 2151 Non
265 2092 441 2153 manifestus
459 2093 605 2152 tertianus
624 2110 640 2151 a
659 2089 780 2153 Graecis
800 2093 911 2155 nothus
935 2097 1098 2178 appellatur.

92 2178 140 2239 bic
156 2187 243 2258 typus
258 2180 397 2242 sordidus
411 2178 559 2241 aGraecis
575 2197 699 2259 ryparos
713 2180 877 2261 appellatus
887 2183 945 2244 sub
963 2185 1099 2266 frigidiori

165 2391 179 2438 1
195 2368 355 2456 o3cri1¹rme
372 2388 500 2457 egrotum
515 2402 537 2453 c,
556 2387 670 2478 oportet
682 2389 811 2456 egrotum
825 2387 917 2458 primo
932 2406 965 2459 p.
1037 2392 1101 2447 idra-

91 2457 157 2512 leon
180 2455 303 2512 calidum
327 2474 353 2526 c,
380 2457 496 2528 ydrolea
520 2457 614 2527 (—le)
637 2456 729 2513 calido
747 2475 778 2528 p.
888 2465 904 2514 8
933 2463 1056 2532 piperato
1079 2477 1101 2516 c:

93 2548 248 2616 temperabo
262 2564 293 2616 p.
366 2553 384 2602 4
402 2537 555 2602 filolubrv'rtb
568 2563 606 2616 p,
625 2545 819 2602 filolntimidoe
836 2564 851 2602 c
868 2547 944 2616 (cat.
967 2550 1034 2621 XI,
1052 2551 1101 2621 34).

91 2617 156 2672 bin
175 2633 225 2674 om.
245 2634 285 2688 cp.
361 2616 432 2673 facis
451 2633 492 2687 cp.
569 2617 657 2673 etiam
674 2619 895 2688 -provocabis
914 2636 968 2679 orn.
987 2639 1010 2680 c.
1089 2626 1101 2674 t

92 2691 121 2745 et
138 2688 216 2744 tanai
235 2705 262 2760 c,
285 2691 314 2744 ab
331 2694 414 2761 amp
432 2689 472 2758 (at
490 2688 567 2745 anati
581 2690 636 2758 ρο).
727 2689 803 2759 qnod
820 2706 852 2759 p.
944 2693 1043 2757 vinum
1066 2708 1103 2765 cp.

90 2761 230 2817 minusca
250 2776 395 2831 -nemgn
504 2758 667 2831 depurgari:
692 2760 841 2843 provocari
859 2762 920 2832 (sic)
940 2779 1012 2833 ῳ..
1089 2767 1104 2818 8

112 2831 191 2904 apsin
209 2837 255 2902 ομ
273 2834 346 2903 (posi
364 2835 429 2887 onte
447 2846 515 2886 corr.
531 2832 572 2902 p).
644 2830 777 2900 lamatpe
796 2831 866 2888 iacit
880 2849 901 2887 c.
976 2835 1104 2908 bpapsin

91 2850 190 2960 lbcarit
203 2919 233 2972 p.
308 2909 339 2957 11
359 2903 481 2974 primum
495 2919 537 2972 cp.
610 2901 742 2971 qnoniam
752 2918 788 2972 p:
807 2910 864 2973 qne
877 2920 899 2959 c.
975 2912 1010 2962 12
1024 2921 1105 2963 eausa

92 2977 146 3044 (eis)
165 2990 206 3044 ep.
280 2979 313 3027 13
332 2975 366 3028 ub
383 3005 416 3014 —
437 2975 494 3043 (14)
512 2972 703 3044 refrigerando
723 2990 750 3030 c:
769 2991 860 3044 amp.
935 2981 969 3032 1⁷
989 2979 1105 3035 lercium

91 3046 136 3102 vel
156 3046 288 3114 quartum
306 3060 332 3100 c:
351 3044 400 3100 ΙΙΙ.
419 3044 467 3099 vel
485 3044 553 3102 .ΙΗΙ.
568 3061 599 3114 p.
671 3044 701 3098 in
717 3062 801 3100 ovum
815 3047 880 3116 (ovo
894 3048 919 3115 c)
937 3049 1106 3107 sorbendum

93 3116 177 3186 (-d')
191 3133 222 3186 p.
297 3120 330 3171 18
349 3132 375 3171 a
394 3118 487 3172 ortum
504 3114 572 3171 solia
584 3133 616 3186 p.
688 3119 755 3172 anta
768 3119 892 3187 (acc.)p:
912 3121 1000 3175 ante.
1074 3125 1105 3174 19

91 3187 133 3241 De
151 3205 206 3241 non
224 3186 374 3242 manifesto
391 3186 516 3243 tertiano
528 3203 552 3257 p
570 3189 613 3259 (in
630 3202 683 3257 gaso
700 3192 792 3243 tomen
804 3189 875 3245 mole
893 3192 1031 3246 meast
1047 3206 1105 3260 cop.

91 3257 151 3326 „De
168 3260 237 3328 typo
256 3258 463 3327 quotidiano“)‚
486 3259 532 3314 Ad
554 3259 646 3330 tipum
667 3259 820 3314 umanum
842 3276 900 3314 non
924 3260 1105 3318 manifestum

89 3328 148 3384 ind.
173 3345 188 3382 c
211 3332 249 3396 (et
267 3332 314 3398 p):
343 3329 388 3384 Ad
410 3330 528 3385 nobbam
550 3328 703 3386 tercianam
726 3345 749 3384 c.
866 3335 899 3385 21
928 3331 1039 3403 riparoa
1065 3347 1105 3403 opt

88 3399 249 3468 appellabar
265 3416 286 3456 c.
358 3399 545 3472 frigidissimo
560 3417 592 3474 p,
