2318 3788
10 296 30 390 n
95 309 274 371 commisoehis
297 329 333 372 ex
356 311 470 390 aequali
492 311 580 372 modo
600 319 629 371 et
648 311 747 372 addito
765 311 852 372 melle
872 320 902 372 et
920 321 1003 374 aceto
1026 313 1081 374 lin·

11 397 28 480 a:
94 397 150 458 teolo
169 400 322 460 inductum
345 418 485 480 appones.
524 408 555 460 et
579 418 647 460 cum
669 401 779 461 videris
802 399 865 460 loca
888 399 964 461 bene
988 403 1081 463 luisse

10 468 25 527 fl
90 482 219 569 desiccata,
238 491 385 549 cerotario
399 491 494 549 uteris
509 488 589 568 quod
603 490 743 549 conficies
758 491 809 549 sic.
834 489 960 569 sulphur
974 493 1082 572 vivum,

87 570 155 636 bacas
179 579 270 658 lauri,
297 576 421 637 herbam
450 578 606 657 perdicion
633 577 663 637 id
688 587 734 638 est
755 579 957 660 parietariam,
983 581 1081 639 omnia

85 665 235 744 singillatim
262 674 344 726 teres
371 668 413 726 ita
440 675 474 727 ut
496 665 649 746 sulphuris
675 665 838 746 plurimum
864 669 971 728 mittas.
1009 676 1106 729 tuneo

81 770 163 814 ceram
192 772 262 815 cum
290 754 356 815 oleo
384 757 513 835 myrtino
541 755 702 816 sufficienti
728 755 859 816 resolves
887 764 1010 817 etcum
1036 758 1081 817 in·

78 841 246 922 frigidaverit
268 843 355 904 rades
375 853 406 904 et
424 862 514 923 supra
537 844 631 905 dictas
654 845 770 923 species
793 844 970 906 admiscebis
989 852 1019 905 et
1037 847 1081 906 in-

76 930 186 992 ductum
214 950 354 1012 appones.
396 934 485 993 etiam
512 941 542 993 et
580 935 612 993 in
639 933 754 993 lavacro
783 942 871 1012 capnt
902 952 938 994 en
971 952 1080 1013 sapone

73 1020 183 1081 lrioabis
206 1024 238 1080 in
263 1039 322 1099 quo
344 1023 430 1100 prius
453 1023 545 1083 fuerit
563 1021 689 1101 sulphur
707 1021 877 1084 admixtum.
911 1025 984 1083 etsi
1003 1023 1080 1084 forte

71 1112 165 1170 canosi
188 1109 287 1189 capilli
316 1110 429 1170 fuerint
451 1113 528 1192 nali,
555 1112 729 1189 frequenter
756 1110 881 1191 psilotro
909 1110 1080 1173 emendabis
1095 1123 1121 1164 10

69 1207 159 1278 caput.

389 1341 438 1402 lll.
474 1341 523 1402 nd
546 1340 744 1421 pediculos.

151 1467 187 1526 ln
201 1465 379 1526 caoheoticis
394 1464 570 1544 corporibus
584 1465 614 1525 id
629 1474 676 1526 est
689 1464 765 1525 mala
778 1463 952 1526 habitudine
967 1466 1080 1529 affectis

61 1554 234 1635 pediculosa
252 1556 351 1634 passio
374 1562 535 1632 generatur
558 1572 647 1632 quam
666 1553 771 1615 Graeci
789 1553 946 1633 pthiriasin
965 1565 1080 1618 vocant.

149 1645 314 1705 curationis
347 1651 446 1703 autem
478 1651 614 1722 tempore
646 1642 698 1703 tali
730 1643 944 1704 medicamento
976 1647 1080 1726 uteris,
1094 1657 1120 1698 1⁵

59 1733 116 1793 hoc
132 1741 180 1793 est
201 1731 413 1810 staphisagriae
432 1740 533 1810 partes
552 1730 634 1812 duas,
653 1731 829 1792 sandaracae
849 1740 880 1792 et
893 1735 965 1792 nitri
978 1742 1079 1812 partes

58 1821 192 1901 singulas
217 1838 287 1881 cum
309 1828 393 1880 aceto
417 1829 448 1881 et
470 1819 535 1880 oleo
562 1819 720 1898 dihgenter
742 1828 823 1880 teres
847 1828 877 1880 ct
900 1831 989 1900 caput
1011 1841 1079 1901 per·

58 1928 189 1991 ungnes,
222 1909 276 1969 scd
308 1917 426 1988 oportet
458 1916 544 1968 antea
576 1927 651 1987 aqua
683 1908 776 1968 calida
808 1908 883 1969 salsa
919 1909 1015 1971 lavare
1049 1919 1079 1971 et

57 1999 217 2078 detergere
242 2005 273 2058 et
295 1999 338 2058 sic
363 1990 530 2079 unguerel

239 2156 304 2217 llll.
340 2156 388 2217 Ad
412 2157 624 2236 capillorum
647 2155 899 2217 defluxionem.
1088 2171 1139 2221 nn

148 2281 285 2342 Defluxio
318 2281 491 2361 capillorum
519 2283 664 2360 contingit
691 2299 727 2342 en
759 2280 909 2342 debilitate
943 2283 1078 2361 corporis

133 2496 147 2542 1
173 2487 338 2544 commisces
363 2505 408 2559 pc,
431 2487 564 2542 miscebis
583 2504 614 2556 p.
688 2503 722 2541 ex
736 2529 742 2541 .
758 2528 764 2540 .
781 2529 787 2541 .
802 2487 908 2557 (modo)
932 2488 961 2541 et
981 2503 1032 2541 orn.
1051 2505 1082 2556 p.

57 2567 75 2614 2
95 2560 184 2614 luisse
202 2577 249 2630 pc:
268 2575 318 2613 om.
335 2577 364 2628 p.
438 2565 454 2612 3
474 2558 643 2612 cerotarium
660 2577 678 2629 p
693 2558 781 2627 (—rio
797 2561 853 2627 pc).
936 2557 1048 2613 conficis
1065 2576 1084 2630 9

58 2631 164 2700 (-ceis
178 2634 222 2700 p),
243 2630 351 2684 —citun
370 2647 392 2684 c.
465 2630 601 2684 abeonae
619 2646 652 2701 pc
675 2629 770 2697 (bacas
784 2631 826 2699 p).
900 2630 1083 2698 4περδίκιον

59 2703 171 2757 adhibet
189 2701 317 2758 Soranus
340 2701 415 2768 (Gal,
437 2700 503 2765 XII,
528 2705 600 2770 494).
691 2700 721 2754 id
750 2702 793 2754 est
816 2699 951 2770 paritario
973 2701 1033 2768 (aio)
1052 2718 1082 2770 p:

58 2789 110 2827 om.
136 2790 181 2842 pc.
292 2773 387 2826 omnia
414 2788 464 2827 oar.
488 2789 518 2841 p.
628 2777 643 2825 5
671 2771 836 2841 singillatim
863 2790 893 2842 9:
920 2771 1082 2840 singulatim

59 2843 190 2913 (sigl’ati)
205 2861 252 2913 pc.
326 2842 497 2898 'ladmisces
515 2859 575 2912 ppo.
657 2842 779 2897 8etiem
794 2845 881 2914 etpc:
902 2845 975 2911 etp.
1066 2847 1082 2896 9

57 2915 179 2984 frigebis
193 2933 225 2984 p.
307 2920 340 2968 10
358 2913 500 2984 frequenti
513 2931 560 2982 pc.
644 2920 676 2966 11
696 2915 782 2982 caput
799 2932 830 2984 p:
850 2929 900 2967 om.
918 2930 961 2980 pc.
1050 2919 1082 2967 13

60 2986 210 3041 cacecticis
233 3005 264 3058 p:
293 2985 421 3040 cateticis
440 3002 475 3054 p,
499 2983 660 3039 cacteoticis
683 3001 705 3039 c.
798 2989 831 3037 14
858 2984 1029 3052 peduculosa
1056 3001 1081 3055 p.

59 3057 164 3146 py'bsin
182 3093 200 3145 9
219 3075 255 3143 (ri
272 3091 361 3143 supra
378 3076 427 3145 90),
446 3073 558 3142 ptiriasi
574 3091 608 3142 p,
626 3072 733 3140 ptinasi
751 3090 773 3126 o.
866 3078 899 3126 15
919 3074 1026 3127 curatio
1045 3078 1084 3127 eat

60 3147 227 3216 Arohipenio
250 3163 296 3216 ap.
316 3145 379 3199 Gal.
399 3145 463 3213 XII,
488 3151 539 3199 463
560 3170 594 3190 =
613 3143 691 3209 XIV,
715 3149 775 3197 323.
874 3149 907 3198 16
931 3144 1083 3198 sandaraca

59 3234 94 3289 pc
118 3219 196 3286 (-ce
216 3219 259 3286 p).
368 3217 512 3287 nitrump
542 3216 619 3284 (nitri
637 3216 695 3283 pc).
805 3219 837 3268 ln
861 3214 929 3269 teris
952 3233 1003 3286 ppo
1027 3215 1083 3285 (sed

61 3304 222 3358 perungues
239 3305 266 3360 9,
286 3305 371 3358 —ges
385 3289 441 3356 pc).
517 3291 549 3340 18
569 3287 712 3356 scoportet
730 3290 793 3340 ante
812 3301 881 3340 corr.
900 3304 925 3357 p.
1008 3287 1083 3341 salsa

62 3361 152 3428 eaput
169 3360 265 3414 lavare
283 3375 306 3414 c.
381 3365 413 3413 19
432 3375 556 3428 unguere
576 3376 605 3431 9:
625 3373 727 3429 -gene
744 3373 790 3428 pc.
860 3362 899 3411 ‘nn
920 3357 967 3409 hd
979 3357 1096 3408 hem

65 3428 227 3498 capillorum
237 3447 272 3499 p.
384 3435 417 3485 21
439 3429 643 3489 debilitatione
661 3448 686 3488 c.
