2318 3788
384 168 606 234 ..95-

25 314 109 375 eminis
132 314 209 395 21,
237 315 349 376 caricas
375 318 502 396 pingues
525 304 644 397 decem,
672 316 812 378 strobilos
835 317 944 379 virides
967 319 1004 402 ll,

25 418 81 480 quac
107 405 254 465 sextarios
281 422 347 486 sex,
378 404 474 466 mellis
506 404 673 486 despumati
705 407 869 467 sextarium
900 426 1003 471 eruum.

25 491 125 553 cuficies
153 494 234 554 sicut
265 493 312 554 dia
339 495 457 573 prassiu
484 496 624 574 superius
651 496 683 555 in
710 494 837 574 pthisica
864 498 1003 575 passione

25 583 191 662 suscriptum
210 589 240 642 et
259 581 365 643 exinde
385 581 468 643 dabis
488 600 574 644 manc
592 583 701 644 ieiunis
715 583 895 646 coclearium
908 603 1003 646 unum

25 669 129 732 tatum
151 669 189 731 ad
213 689 376 751 vesperam.
1017 683 1030 725 5

75 759 152 820 aliud
186 759 364 839 dyspnoiois.
415 759 590 821 abrotanum
626 779 714 822 uram
749 779 866 841 passam
904 770 1002 824 rutam

25 845 75 908 lnul
96 850 127 909 in
150 866 227 927 aqua
250 847 426 929 decoquas„
439 847 566 928 liquabis
589 858 620 910 et
642 851 727 928 potui
746 845 751 929 Ι
772 850 864 912 dahis.
1017 876 1037 916 a·
1054 863 1092 904 19³

75 936 161 997 aliud.
204 938 230 997 si
258 937 335 998 fonte
363 939 500 998 nimietas
522 936 717 999 redundantis
741 939 876 1000 heimoris
899 941 999 1022 iuuerit,

25 1025 112 1087 ocisco
140 1025 355 1106 hypocapnisto
383 1029 479 1087 uteris
506 1025 537 1087 id
565 1035 612 1088 est
634 1028 883 1110 suffumigatorio‚
912 1047 1002 1109 quem

25 1116 123 1192 iperius
151 1113 188 1175 ad
212 1113 443 1176 desiccationem
470 1114 630 1178 humorum
658 1116 695 1177 ad
718 1119 825 1180 tussim
849 1117 1001 1180 humidam
1016 1133 1043 1174 ιο

25 1204 169 1282 cripsimus.

75 1293 240 1354 antidotum
267 1293 465 1372 Antipatri⁴
483 1312 520 1354 ex
555 1301 725 1374 catatopon,
758 1313 817 1373 quo
850 1312 923 1355 usus
956 1303 1002 1356 est

25 1378 139 1443 alenus
163 1381 199 1442 ad
224 1384 379 1443 universas
402 1390 502 1443 tusses
525 1391 556 1444 et
578 1380 725 1461 dyspnias.
765 1384 873 1462 recipit
901 1390 1002 1444 autem

25 1473 108 1532 oracis
131 1473 254 1532 isaurici
277 1469 313 1531 di·
336 1469 387 1551 Vl,
415 1472 530 1532 resinae
555 1469 751 1533 terebintinae
775 1469 811 1533 di
834 1471 903 1554 llll,
929 1490 1000 1552 opo·

25 1562 103 1620 anacis
126 1568 156 1620 et
183 1558 301 1638 galbani
324 1566 355 1620 et
377 1561 431 1621 iris
458 1559 589 1640 illyricae
617 1556 653 1620 dr
679 1569 852 1642 quaternas,
880 1579 1000 1622 murrae
1016 1577 1041 1617 15

25 1640 75 1708 ill
97 1649 134 1728 S,
167 1650 328 1727 iusquiami
355 1651 478 1710 seminis
505 1647 564 1709 albi
591 1647 695 1710 obolos
722 1657 870 1729 quattuor.
913 1649 999 1710 melle

25 1746 158 1815 spumam
182 1736 331 1816 colligitur
355 1746 385 1798 et
411 1746 556 1817 postsex
580 1754 698 1799 menses
722 1739 827 1800 exinde
858 1737 1000 1799 daturin

25 1826 102 1888 odone
127 1825 211 1887 labae
230 1827 382 1906 aegyptiae
402 1827 573 1906 magnitudo
594 1825 639 1886 vel
662 1829 820 1906 quantitas.
858 1826 907 1887 alii
929 1843 1000 1886 vero

25 1928 46 1971 ro
60 1918 155 1976 resina
174 1914 328 1994 sulphuris
351 1916 409 1976 rivi
433 1917 555 1976 mittunt
575 1913 612 1975 dr
632 1914 645 1974 l
668 1915 826 1994 diligenter
849 1916 1000 1996 iacientes,

25 2001 58 2062 uia
72 2022 130 2065 non
149 2002 246 2065 solum
269 2003 337 2084 plus
356 2011 498 2083 operatur
517 2021 586 2064 cum
607 2003 765 2086 sulphure,
787 2021 891 2064 verum
910 2003 999 2063 etiam
1015 2021 1040 2061 eo

60 2210 453 2280 17..1.c(of.p):÷1.9‚
537 2210 635 2264 decem
652 2225 683 2279 g:
705 2227 723 2263 x
742 2226 783 2279 op.
870 2207 1001 2263 strobiles

25 2275 51 2347 ic)
65 2299 89 2352 p,
107 2280 289 2350 strobillosp
308 2280 437 2360 (—bilips
451 2282 510 2351 12⁰),
532 2279 632 2336 scohili
651 2297 673 2335 c.
782 2286 798 2334 2
817 2279 910 2362 Vter
927 2280 940 2334 Ι
959 2296 999 2348 cp.

30 2352 131 2432 conficis
148 2369 209 2424 pop.
282 2351 467 2445 dicprcssium
480 2368 525 2421 pp,
544 2351 729 2433 dioprassium
745 2368 766 2407 c.
839 2352 942 2421 phanea
954 2367 1000 2422 gp,

25 2434 84 2485 cuca
102 2441 124 2479 c.
234 2423 361 2478 tcoclr.
380 2423 401 2478 l.
421 2439 462 2492 op.
572 2423 695 2478 balium
717 2439 833 2492 vespere
852 2439 874 2478 c.
984 2427 1000 2475 6

25 2495 133 2557 prnoicis
151 2501 198 2566 pte
216 2493 380 2564 (dispnoicis
398 2499 462 2548 arcte
480 2509 550 2550 corr.
563 2497 606 2564 gt)
679 2495 854 2549 Aurotsnum
870 2509 897 2562 g,
917 2507 998 2561 apro-

25 2592 80 2637 nnm
97 2600 139 2653 cp.
250 2583 449 2653 ‘ldequoques
469 2599 495 2652 g.
604 2573 761 2638 8n¹l¹dtstas
780 2582 840 2650 (sic)
859 2597 884 2650 p.
932 2651 937 2662 Ι
983 2587 1000 2634 9

25 2653 639 2797 lllllilllldffilff’”allodiiiiliplm‘³⁹'
660 2731 692 2780 10
720 2653 999 2792 3333th

25 2793 199 2852 acunumiae
219 2814 246 2865 c,
269 2796 299 2851 in
317 2795 389 2852 tussi
406 2796 521 2850 humide
541 2797 626 2866 (-d')
641 2814 672 2865 p.
769 2797 801 2848 tn
821 2812 855 2850 ex
873 2793 1000 2862 catatopi

27 2880 56 2942 ,t
74 2885 105 2924 ecc
124 2868 187 2924 Get.
203 2869 236 2924 de
254 2884 337 2938 contat.
358 2869 424 2922 med.
444 2867 499 2922 τῶν
517 2864 591 2922 κατὰ
609 2864 714 2930 τόπους
734 2867 830 2920 XIII
832 2908 841 2932 ‚
861 2870 898 2920 66
918 2859 999 2918 Ἀντι-

25 2951 91 3016 tcpov
116 2931 137 3013 ᾧ
162 2939 285 3064 postpono)
307 2941 347 2995 sic
368 2939 443 2994 solos
462 2956 497 3008 p:
525 2954 575 2994 oro.
598 2956 639 3009 gc.
750 2944 782 2992 13
808 2937 946 3008 gallienus
972 2951 999 3005 9,

25 3002 109 3065 honus
128 3029 143 3066 c
162 3010 235 3081 (Ga'
252 3012 294 3080 p).
404 3009 529 3080 dipsnios
547 3013 618 3079 θῶ),
638 3010 743 3064 disniss
757 3026 788 3078 p.
891 3007 999 3075 litora.

25 3075 88 3148 tiam)
107 3099 148 3153 cp.
223 3087 257 3136 14
274 3085 348 3149 (eto.)
365 3082 436 3152 drag
454 3099 485 3154 9,
504 3082 538 3136 dr
556 3098 578 3137 c.
650 3079 763 3136 isontici
782 3096 808 3147 c,
827 3079 948 3134 isauncu
962 3095 998 3146 p:

25 3150 118 3224 turicas
136 3151 162 3225 ρ’.
253 3158 297 3208 ed.
319 3159 337 3215 3
356 3152 409 3206 IIII
423 3171 454 3223 p.
547 3157 579 3207 15
598 3152 701 3207 mirrae
719 3169 737 3222 p
756 3146 890 3220 (σμύρνης
908 3147 998 3218 Gall:

25 3229 98 3292 trec,
117 3224 200 3280 mirte
214 3241 243 3294 p.
319 3223 406 3278 1611.
427 3225 608 3294 Sesicgtop.
681 3240 746 3278 cum
761 3222 846 3277 melle
860 3239 890 3291 p.
965 3226 998 3274 17

25 3301 50 3342 ¹:
71 3294 107 3349 Vl
130 3313 171 3365 cp.
280 3296 364 3351 datur
385 3295 464 3365 potio
487 3296 517 3350 in
540 3312 601 3364 aeg.
626 3294 707 3350 fabae
729 3293 953 3364 magnitudinem
976 3308 999 3359 c,

25 3355 68 3416 ibis
84 3366 112 3420 in
133 3365 249 3438 potione
273 3367 309 3422 ad
327 3367 347 3422 l.
368 3383 410 3436 eg.
430 3366 655 3436 magnitudinem
670 3384 700 3438 p.
810 3370 845 3420 tt
867 3362 967 3429 hliuni
981 3379 1008 3412 c.

25 3433 153 3507 *sulphur
171 3442 266 3508 (—ure
285 3439 309 3506 c>
328 3437 425 3494 vivum
443 3455 505 3511 pop.
578 3443 614 3495 tt
635 3441 707 3510 qnia
725 3444 789 3510 cpi·-
806 3452 869 3506 qna
886 3450 915 3501 a·
