2318 3788
391 183 635 259 -oe-‚

19 345 150 406 granorum
174 331 359 390 minutorum
382 329 520 410 siliginis,
544 331 669 390 maxime
689 331 715 389 si
733 337 764 390 ct
782 339 871 410 caput
889 330 1005 410 linguae
1033 388 1036 393 .

19 415 162 480 obtinuerit.

83 511 110 568 in
134 507 339 570 curationibus
361 525 433 567 vero
456 509 482 567 si
505 507 625 587 grandis
648 509 740 569 luerit
762 514 796 569 ut
819 526 909 588 supra
932 508 1006 570 dixi·

19 611 65 657 nus
83 598 210 658 saucium
237 595 381 657 ulceratio
410 614 480 656 eum
508 615 604 678 scara,
631 605 665 658 ut
688 599 777 658 etiam
801 616 869 659 cum
895 597 1006 658 rubore

19 683 56 744 tub
75 695 171 747 mento
198 687 231 746 in
260 686 391 764 gutturis
414 694 499 764 parte
523 686 709 768 ostendatur,
734 705 822 766 quam
846 695 1033 748 antereonao

19 783 108 856 uocant,
141 784 172 836 et
203 776 229 835 si
261 774 353 834 luerit
384 776 410 834 is
443 777 495 853 qui
532 774 685 836 curabitur
717 784 813 837 aetate
844 776 1006 857 perlectus

19 858 189 924 iebotomiam
204 863 345 923 adhibere
366 871 485 943 oportet
502 865 543 924 ita
561 871 595 925 ut
613 864 774 926 secundam
791 865 1006 926 detractionem

19 948 93 1033 boias,
116 953 391 1032 quam'epaleresin
414 960 529 1013 vocant.
566 961 597 1014 et
620 956 645 1014 si
663 962 798 1014 ventrem
817 971 878 1014 non
901 953 1008 1018 lecerit

19 1041 98 1102 teriori
118 1042 245 1122 clystere
265 1041 458 1102 deducendus
478 1043 549 1123 erit,
571 1044 603 1102 in
626 1041 790 1104 infantibus
809 1061 879 1102 vero
901 1041 1006 1103 balano

19 1132 94 1192 uteris.
140 1130 249 1192 dehinc
280 1132 355 1209 ipsis
386 1131 461 1191 locis
493 1130 674 1210 patientibus
706 1131 753 1192 dia
782 1131 887 1193 chartu
915 1130 1006 1192 medi·
1022 1147 1048 1187 oo

19 1228 158 1281 :amentum
182 1219 311 1280 admixto
334 1219 451 1280 modico
475 1218 561 1279 melle
586 1219 702 1280 inlines.
736 1228 770 1280 et
792 1220 950 1280 sinendum
974 1228 1008 1281 ut

19 1302 55 1366 ibi
75 1308 212 1370 saniando
232 1326 333 1368 scarae
353 1307 473 1385 cadant,
496 1326 534 1369 ne
553 1308 752 1369 abstractione
771 1308 893 1368 violenti
911 1325 1007 1368 emea-

19 1409 49 1453 us
68 1396 240 1458 emorroidis
263 1404 413 1476 sequatur.

81 1487 133 1547 alia
157 1485 305 1547 conlectio
329 1485 431 1560 oralis,
456 1479 545 1564 quam
564 1485 669 1546 Graeci
694 1487 868 1547 stomaticen
893 1493 1007 1568 vocant,

19 1567 102 1636 'aciens
130 1574 166 1636 ad
194 1574 370 1654 putredines
398 1583 429 1635 et
456 1592 565 1636 scaras.
607 1578 746 1637 caninum
774 1576 877 1636 fimum
908 1574 1008 1636 album
1022 1589 1048 1632 1⁶

19 1658 113 1743 :obliges
141 1672 171 1724 et
199 1663 332 1725 siccabis.
374 1664 408 1724 sot
437 1671 537 1724 auotem
565 1663 635 1741 hoc,
664 1667 690 1726 si
717 1683 784 1726 ossa
812 1664 923 1726 bubula
946 1663 1008 1725 sola

19 1756 63 1811 noe
80 1754 156 1814 diem
175 1752 222 1813 vel
239 1752 363 1813 biduunm
379 1769 468 1813 canes
486 1752 701 1814 manducantes
718 1753 876 1815 custodias.
909 1755 1008 1832 ipsum

66 2017 76 2065 1
95 2028 247 2082 granorum
260 2011 432 2066 minutorum
446 2027 472 2067 c:
491 2010 672 2080 grandiamm
685 2010 867 2066 minutiarum
881 2029 907 2082 9,
927 2029 1008 2082 gran·

19 2074 71 2136 lium
89 2085 188 2153 (Pete.)
206 2082 379 2137 minutarum
392 2099 423 2151 9.
497 2081 612 2151 filiginis
631 2083 691 2150 (cic)
709 2097 735 2151 9.
804 2088 869 2152 poet
887 2083 1008 2153 siliginis

19 2149 60 2207 tid.
73 2172 107 2224 p:
126 2155 202 2224 quod
220 2156 379 2224 germatum
399 2153 450 2222 (sic
468 2159 532 2208 ante
550 2168 619 2208 corr.
636 2152 862 2224 grauitatemque)
881 2154 1008 2209 dicimus.

19 2221 113 2281 linerit
132 2257 166 2266 -
186 2225 305 2280 diximus
323 2241 373 2279 cm.
388 2241 419 2294 9.
510 2230 528 2278 4
546 2223 683 2280 ulceratio
701 2223 861 2281 nlchararet
879 2226 966 2281 etiam
985 2243 1008 2281 c.

19 2301 59 2352 tc.
148 2315 171 2352 c.
190 2315 212 2352 r.
232 2295 282 2351 sub
301 2298 427 2351 mentem
447 2295 507 2365 (otc)
526 2295 647 2365 gutturis
669 2297 764 2366 partes
782 2297 912 2353 ostendat
930 2313 960 2366 9,
984 2313 1008 2352 c.

19 2369 82 2423 ¹snb
97 2372 223 2424 mentum
242 2369 325 2438 (fflto'o)
339 2367 370 2422 in
384 2365 507 2437 gutturis
520 2369 616 2436 partes
634 2367 833 2437 ostendebam,
851 2371 894 2436 (ut
913 2369 1009 2437 etiam)

19 2437 122 2495 uborem
146 2440 199 2494 sub
221 2442 317 2496 mento
339 2439 370 2493 in
395 2455 421 2508 g.
440 2439 536 2507 partes
555 2439 686 2494 ostendat
699 2455 730 2508 p.
839 2445 961 2508 tiquam
978 2456 1009 2508 9ε

19 2526 62 2566 oco
80 2529 121 2582 cp.
213 2511 321 2580 disus
340 2510 385 2564 his
404 2525 445 2578 cp.
532 2509 725 2580 Sepafereein
742 2526 773 2580 9,
797 2510 968 2580 apolorcsim
986 2527 1009 2578 c,

19 2599 148 2668 oufemoin
161 2617 192 2669 9.
279 2605 295 2655 9
314 2597 415 2654 acriori
434 2598 495 2668 (uic)
509 2615 569 2670 nup.
642 2598 747 2654 bulanu
765 2600 826 2669 (sic)
843 2615 871 2670 9,
891 2615 961 2654 -no
982 2615 1009 2654 cz

19 2671 91 2727 tineo
108 2689 137 2740 p.
211 2671 386 2728 diecentum
403 2687 430 2741 9,
449 2672 516 2724 —to
529 2687 562 2753 9,
580 2670 736 2726 dicatarum
756 2687 777 2726 e.
853 2676 885 2724 11
904 2669 1010 2724 iomixto

25 2742 139 2812 (amixto
149 2745 193 2813 9),
213 2743 286 2798 adm.
302 2759 324 2798 e.
396 2739 449 2809 in(l
463 2740 586 2811 fficbhnis
599 2743 683 2811 uode).
758 2741 941 2796 insaniendo
959 2757 1008 2810 up:

19 2815 119 2870 mando
138 2832 160 2870 c.
244 2812 419 2870 subtractione
437 2812 571 2886 violentie
590 2815 690 2867 metuo.
729 2812 932 2885 emamorroide
951 2814 1010 2882 (sic,

33 2903 121 2956 cupra
144 2893 175 2955 9⁰
200 2902 264 2940 ema
282 2883 394 2954 sanguis
418 2882 462 2952 df)
479 2900 510 2953 9,
534 2883 725 2939 abstractione
743 2883 878 2940 violentie
901 2885 1011 2938 meatus

19 2957 157 3013 emoroide
185 2974 213 3026 c,
240 2954 417 3010 adtractione
445 2953 564 3009 violenti
585 2955 711 3010 humoris
732 2956 824 3010 metus
848 2953 958 3026 emdlod'
977 2971 1009 3023 p.

19 3031 199 3098 tseqnantur
218 3045 240 3084 c.
314 3033 349 3080 14
367 3042 452 3094 quam
471 3027 547 3095 greci
566 3042 616 3083 con.
631 3043 649 3096 9
667 3027 755 3097 (greci
773 3042 823 3081 om.
837 3028 880 3098 9).
954 3027 1010 3080 sto-

20 3101 116 3156 atieen
142 3100 221 3168 t—ce
240 3100 274 3169 p)
297 3115 346 3169 99,
375 3096 542 3152 otomatiohe
565 3115 587 3152 e.
624 3100 689 3153 baec
717 3098 819 3152 Musae
841 3098 930 3168 primi
954 3097 1011 3164 fuit

19 3189 37 3228 e.
59 3172 122 3226 Gal.
144 3171 230 3236 XII,
249 3175 312 3225 955.
332 3173 396 3224 956.
489 3175 522 3224 16
542 3169 658 3239 colliges
676 3186 703 3224 e:
722 3168 802 3238 -gis
819 3185 864 3239 99.
955 3169 1010 3223 hoc

19 3261 37 3298 o:
61 3244 115 3297 bec
134 3259 157 3297 c.
248 3241 355 3295 bubula
373 3256 399 3309 c,
424 3239 487 3294 -le
504 3257 535 3309 9:
558 3240 695 3295 bubulinis
715 3258 746 3310 9.
837 3247 871 3296 17
890 3242 956 3296 ente
974 3271 1009 3280 -

19 3314 134 3370 ostodias
157 3330 177 3382 9
198 3318 224 3367 et
242 3313 301 3380 <ubi
323 3313 431 3381 carnes)
450 3327 476 3367 c:
504 3313 569 3366 ente
588 3312 662 3367 diem
681 3311 811 3368 comedet
830 3312 1010 3383 (-derit1o⁰)

36 3385 197 3441 custoditus
216 3382 302 3438 fuerit
317 3401 348 3452 9.
