2318 3788
486 176 731 242 -194-

99 325 189 384 minis
217 325 303 385 scissi
329 331 414 404 parte
438 322 567 404 singula,
594 322 699 384 caduci
726 328 866 401 granatae
891 319 1013 382 dimidia
1035 330 1121 400 parte

100 431 169 473 cum
201 421 351 493 ptygmate
383 430 474 491 snpra
511 413 622 490 scripto
659 412 787 472 contrita
820 428 917 489 nsque
951 409 987 469 ad
1025 410 1122 471 mellis

99 502 341 581 crassitudinem,
365 499 494 561 abstinet
516 499 696 580 profluvium
719 501 872 578 sanguinis
895 500 1015 560 iniecta.

189 590 277 652 aliud.
313 596 452 669 granatae
472 591 568 650 siccae
587 590 703 650 corium
724 597 755 650 et
777 589 841 668 pini
864 595 969 649 cortex
992 596 1025 650 ct
1047 587 1122 668 galla

71 687 131 740 eet
154 678 278 739 acantha
300 679 435 758 aegyptia
458 677 588 738 adhibita
612 676 748 738 similiter
772 686 945 757 operantur.

189 766 277 828 aliud.
318 769 416 828 acacia
443 784 512 828 oum
539 765 758 846 hypoquistidis
786 785 858 827 suco
883 774 913 827 et
944 766 1123 828 decoctione

97 873 184 916 rosae
208 857 335 916 contrita
358 862 388 916 et
410 857 443 916 in
464 854 573 916 floculo
597 857 730 936 apposita
753 853 883 916 abstinet
905 855 1032 916 fluxum.

171 1044 286 1113 Iparte
304 1043 428 1113 singl‘c‚
447 1045 543 1113 partes
560 1043 685 1114 singulas
695 1060 726 1114 Ρ.
798 1047 829 1098 et
841 1045 961 1115 granato
976 1043 1077 1099 caduci
1088 1061 1120 1114 Ρ

97 1112 216 1169 dimidia
233 1131 298 1185 pars
316 1117 377 1187 (pas
395 1115 436 1170 sic
448 1117 483 1186 Ρ)
503 1131 545 1185 cp.
618 1121 714 1170 teum
728 1115 910 1199 onomaton,
928 1115 1121 1171 coscimatec

97 1185 184 1242 580·
197 1203 287 1269 supra
304 1186 380 1241 dicto
390 1203 421 1270 Ρ.
494 1184 669 1256 3retinetp.
742 1184 930 1256 sanguiniec.
949 1185 1080 1241 metricis
1090 1203 1121 1256 Ρ.

96 1256 448 1340 4cortioemp,-ci1c
521 1257 653 1327 gellasp.
726 1258 928 1327 dachantap
947 1257 1121 1313 clehantec

97 1328 206 1398 egiptia
224 1344 274 1384 om
295 1345 317 1384 c
426 1329 559 1398 operatur
571 1344 607 1397 Ρ,
627 1329 736 1398 aptae.
845 1328 1123 1398 oypoquistidisp,

97 1400 209 1454 ——dee
282 1401 324 1455 et.
343 1414 418 1468 exp,
433 1415 484 1454 om
499 1415 522 1466 c,
540 1400 630 1468 ooiy
645 1415 712 1455 suco
726 1399 891 1455 decoctione
904 1399 983 1454 fecto
996 1401 1065 1454 et..
1076 1416 1120 1455 ..c

98 1471 279 1552 ifleculoc,
301 1471 433 1540 ῐοοιιΙοΡ
452 1470 565 1596 (flocnlo
579 1471 635 1540 P⁰)·
724 1471 873 1539 retineto.
960 1470 1122 1540 Explicit

98 1540 211 1595 casius
228 1541 316 1596 felix
335 1558 357 1595 c.
389 1542 421 1597 in
435 1558 458 1610 Ρ
477 1558 528 1597 coo
528 1543 607 1596 dinuo
625 1547 777 1612 sequuntur
791 1542 960 1597 antidotaric'
972 1542 1121 1596 cuiusdam

97 1615 148 1665 act
148 1612 208 1679 iqui
225 1618 367 1682 coquente
382 1615 416 1679 (c.
431 1616 476 1667 84.
491 1617 542 1681 85)
559 1627 647 1682 acopo
665 1617 713 1669 etc.
733 1629 794 1669 oum
813 1614 879 1668 aliis
896 1613 1025 1683 ddcoeps
1045 1613 1120 1667 anti-

94 1682 216 1736 dotariis
233 1683 436 1738 recentioribus.
