2318 3788
457 159 679 222 „47-

148 303 184 364 ad
209 302 346 365 difficiles
369 303 488 365 auditus
512 321 548 364 ex
568 303 753 383 aegritudine
773 311 865 364 natos.
902 303 1014 383 leporis
1038 304 1077 366 iel

16 428 19 433 -
70 400 94 452 ot
113 392 157 453 lac
179 391 316 452 mulieris
339 400 369 453 et
392 390 450 452 mel
474 393 632 474 optimum,
660 394 759 453 omnia
788 394 846 453 tria
869 395 899 453 in
923 410 983 453 uno
1007 411 1076 454 con-

10 550 16 567 ,
70 481 155 542 solves
178 488 210 543 et
232 481 380 560 tepefacta
402 479 567 541 instillabis.

10 568 17 661 Τ
146 569 227 631 aliud
247 569 449 630 diatessaron
468 569 659 651 appellatum,
682 568 713 630 id
732 578 778 631 est
797 570 833 630 de
853 577 1003 652 quattuor,
1027 568 1075 629 ad-

67 675 162 720 uersus
184 667 321 720 tumores
345 667 376 719 et
400 657 518 719 dolores
541 667 572 719 et
596 657 773 719 ulcerationi
796 660 984 719 conveniens.
1029 671 1103 718 res

67 749 139 808 sinae
158 745 367 827 terebintinae,
385 745 495 827 butyri,
518 746 613 827 adipis
631 746 793 828 gallinacei,
816 747 874 808 olei
892 745 1076 827 amygdalini,

68 838 191 897 omnium
211 843 353 916 quattuor
371 837 453 914 paria
471 835 604 914 pondera
623 837 654 896 in
671 853 730 896 uno
750 835 904 896 consolves
923 843 954 895 et
973 837 1075 896 uteris.

145 923 202 984 alia
226 923 402 985 auricularis
426 925 487 984 sive
511 932 545 985 ut
563 923 668 984 Graeci
692 925 769 986 otice
792 924 935 984 adversus
958 923 1076 984 dolores

67 1021 91 1072 ct
123 1012 226 1074 ulcera
268 1021 298 1072 et
334 1020 451 1072 veteres
488 1013 605 1073 aricium
640 1014 803 1092 passiones.
859 1015 966 1091 recipit
1007 1013 1076 1091 opii,

66 1103 201 1180 castorei,
225 1100 305 1161 aloes
323 1106 345 1171 3
363 1099 509 1182 singulas,
532 1103 652 1170 crooi3
675 1100 715 1182 ll,
738 1119 871 1182 murrae,
894 1101 962 1181 lycii
985 1100 1076 1160 indici
1090 1115 1115 1154 ιο

65 1189 82 1256 3
101 1189 234 1270 singulas
258 1191 357 1250 samis.
398 1189 476 1250 bene
500 1197 638 1250 conteres
662 1197 692 1250 et
715 1189 803 1250 melle
827 1189 960 1270 colliges,
990 1193 1022 1248 et
1044 1191 1076 1248 in

65 1295 113 1339 nso
146 1280 276 1358 accipies
310 1295 346 1338 ex
377 1281 443 1358 ipso
475 1277 691 1339 medicamento
723 1278 875 1338 modicum
910 1277 1076 1338 resolutum

64 1383 153 1445 passo.
191 1385 228 1427 ex
252 1366 318 1427 oleo
341 1385 464 1428 rosaceo
489 1365 613 1427 stillabis
636 1375 666 1428 et
693 1365 759 1427 lana
782 1368 914 1427 muricea
937 1365 982 1425 vel
1005 1383 1075 1444 pur-

62 1473 149 1533 purea
177 1455 242 1538 loca
272 1453 393 1516 tutabis.
435 1455 526 1534 aliqui
554 1455 630 1516 lacte
663 1453 816 1516 resolvunt
847 1453 993 1516 muliebri.
1040 1453 1076 1513 ad

66 1543 194 1615 difficiles
213 1562 284 1604 vero
304 1542 424 1606 auditos
443 1551 474 1604 et
491 1545 618 1604 tinnitos
636 1544 724 1605 multi
741 1546 885 1623 temporis
905 1561 973 1604 oum
992 1551 1075 1604 aceto
1090 1556 1115 1597 1⁵

64 1631 141 1694 solito
160 1632 317 1714 infundes,
340 1632 419 1712 quod
439 1631 544 1714 Graeci
563 1632 698 1694 oralmen
716 1641 830 1694 vocant.
869 1642 986 1693 etcum
1009 1631 1074 1691 oleo

64 1723 191 1782 ralanino
216 1729 247 1781 et
270 1729 354 1782 aceto
376 1723 480 1782 uteris.

235 1878 377 1941 XXVllll.
413 1879 461 1939 ld
486 1870 896 1960 oculorum'passiones

144 1985 387 2066 Hippocrates
408 1987 438 2046 in
453 1973 602 2053 aforismis
617 1987 660 2046 sic
675 1988 728 2046 ait:
748 1985 903 2046 oculorum
922 1987 1075 2063 passiones

128 2123 194 2176 tet
210 2122 279 2189 (bis)
296 2136 347 2177 oca.
362 2136 391 2188 p.
484 2119 580 2174 omnia
601 2120 657 2175 tria
675 2137 703 2175 c:
727 2120 779 2175 hec
798 2120 839 2174 ita
855 2137 885 2189 p.
976 2125 1033 2174 unii
1052 2136 1075 2187 c,

61 2210 113 2248 uno
128 2209 159 2262 p.
265 2198 281 2246 3
300 2189 449 2260 tepefactis
469 2191 590 2246 stillabis
609 2208 650 2261 cp.
760 2198 778 2245 4
795 2192 813 2248 i.
834 2191 868 2246 dc
887 2191 949 2245 llIl.
967 2192 1031 2258 (sic)
1049 2207 1075 2245 c:

60 2280 107 2319 om.
123 2281 154 2332 p.
228 2262 362 2317 adversus
382 2277 408 2315 c:
427 2261 508 2331 adp.
581 2267 597 2316 6
616 2262 709 2317 rosina
726 2263 911 2319 terebentina.
934 2261 1074 2316 butirum.

61 2335 141 2404 adipe
165 2332 320 2404 gallinacii
335 2374 342 2386 .
358 2333 423 2386 oleti
446 2332 620 2401 amigdalinfi
645 2351 667 2391 c.
778 2341 792 2388 7
822 2338 880 2389 offii
902 2335 1022 2402 quatuor
1048 2350 1074 2388 c:

58 2423 106 2461 om.
121 2422 152 2475 p.
244 2421 299 2459 uuo
318 2420 360 2472 cp.
451 2402 563 2458 8aliud
588 2405 744 2461 auriculare
761 2422 788 2474 p.
898 2406 930 2457 ut
947 2404 1024 2472 greci
1037 2421 1075 2473 p:

58 2493 139 2548 grece
159 2478 220 2547 (oto.
240 2477 282 2544 ut)
302 2492 324 2530 c.
435 2473 527 2528 oticon
546 2477 644 2544 (ot1oe,
669 2479 716 2532 aed
734 2481 798 2532 ante
816 2491 884 2531 corr.
905 2477 969 2529 otoo
981 2479 1014 2544 p)
1033 2491 1074 2543 cp.

58 2548 189 2605 adversus
215 2563 241 2601 c:
270 2545 306 2600 ad
325 2563 356 2615 p.
448 2545 592 2614 areoipit:
612 2548 638 2613 lt
656 2564 697 2616 cp.
788 2546 847 2616 opii
864 2546 912 2613 (cf.
932 2545 995 2601 Gal.
1015 2545 1075 2614 XII,

58 2626 108 2675 626
122 2623 205 2689 sqq.):
224 2616 282 2686 apii
292 2633 323 2685 p,
342 2632 393 2672 11111.
408 2632 430 2670 c.
505 2622 538 2669 10
552 2617 629 2672 aloes
646 2634 672 2673 c:
692 2619 754 2674 aloe
769 2621 844 2689 (cote
858 2633 927 2672 corr.
942 2617 1034 2685 aloen)
1044 2632 1074 2684 p.

59 2698 89 2744 11
105 2697 124 2753 5
138 2689 265 2758 singulas
284 2686 367 2742 semia
384 2691 388 2754 Ι
404 2685 493 2741 lenius
513 2690 542 2741 et
560 2685 644 2743 melle
664 2690 775 2760 colligis
792 2690 845 2755 (sic
862 2688 957 2743 mediis
976 2691 1039 2755 om.)
1053 2703 1074 2741 c.

55 2787 72 2843 5
91 2779 219 2848 singulas
238 2794 264 2832 c:
284 2775 401 2840 a1’1.3I.
416 2791 446 2843 p.
545 2767 770 2839 i'c.3.Il.1l1rci
793 2776 874 2832 alitii.
912 2775 1009 2831 indicii
1027 2775 1074 2842 (cf.

57 2851 120 2906 aaz.
139 2849 209 2917 XII,
229 2854 282 2904 636
300 2851 368 2915 ete).
414 2849 450 2899 afi
461 2852 495 2910 .3
513 2847 542 2900 1.
556 2846 573 2900 S
586 2891 591 2902 .
602 2848 673 2903 bene
696 2851 823 2904 conteres
838 2891 843 2904 .
861 2851 891 2902 et
912 2847 996 2902 melle
1019 2846 1075 2900 col-

56 2922 121 2992 ligis
136 2939 167 2991 p.
261 2924 293 2972 12
312 2935 394 2972 usum
413 2933 435 2973 c.
526 2933 572 2973 ex:
593 2921 622 2973 et
640 2936 681 2989 cp.
769 2926 801 2974 13
820 2935 900 2974 roseo
919 2934 941 2972 c.
1013 2934 1075 2970 mu-

55 2993 161 3048 riceaiz
180 2989 291 3045 marina
309 2991 410 3059 (marsa
423 2989 456 3057 p)
475 3005 517 3058 op.
590 2991 625 3046 de
643 3008 767 3061 purpura
785 3008 814 3058 c,
832 2992 882 3044 aut
900 2987 1034 3059 purpuria
1043 3005 1074 3057 p.

56 3072 90 3118 14
109 3062 231 3118 tutabis:
256 3059 371 3116 tudabis
390 3076 417 3127 c,
435 3059 584 3131 tubabisp
605 3063 651 3132 (cf.
671 3062 732 3117 Gal.
752 3061 817 3128 xil,
839 3067 889 3116 632
910 3056 957 3114 ἐπὶ
975 3055 1007 3113 at
1027 3059 1076 3128 τῆς

55 3127 1075 3273 1111111111.11111111111111111111·

56 3277 133 3348 greci
147 3294 175 3333 cz
195 3293 245 3331 om.
256 3291 285 3344 p.
360 3272 470 3328 oxalmr'e
484 3290 520 3342 p:
540 3275 648 3330 cxamel
667 3293 689 3329 c.
763 3279 795 3329 18
815 3275 856 3329 tit.
871 3276 913 3330 De
932 3272 1075 3328 doloribus

57 3349 202 3405 oculorum
216 3365 239 3416 p
259 3344 314 3416 (Ad
334 3344 477 3399 oculorum
497 3347 621 3402 dolorem
640 3346 698 3400 iad.
714 3347 755 3416 p).
831 3353 863 3401 19
878 3345 1028 3415 ypocrates
1042 3359 1076 3406 cp

54 3421 154 3490 (Hipp.
174 3419 228 3488 III,
249 3422 300 3472 753
320 3415 418 3485 111111).
494 3416 667 3475 amforism'is
686 3434 711 3474 c.
