2318 3788
477 141 720 246 -ssa-

180 330 212 390 iu
240 325 444 389 curationibus
471 343 542 386 vero
570 342 723 405 opopanax
752 333 804 386 aut
825 324 925 404 capilli
947 323 1108 388 mulierum

91 420 190 479 exusti
217 424 268 478 aut
296 433 415 497 caprae,
443 421 494 476 aut
520 416 570 493 pix
601 412 755 475 cumbusta
781 413 906 474 naribus
934 413 1108 494 applicetur.

91 507 229 568 desinent
256 505 494 585 praelocutiones
526 504 667 564 matricis.
711 502 838 563 inferius
870 521 943 564 vero
974 504 1008 563 in
1037 505 1109 584 ipsis

92 593 270 675 genitalibus
292 593 367 654 locis
390 600 442 654 aut
461 589 684 672 opobalsamum
706 601 758 652 aut
780 590 908 652 nardum
931 600 983 653 aut
1007 591 1111 654 lolium

64 693 236 764 boppones,
259 683 349 741 etiam
368 690 399 743 et
416 682 529 761 optimo
552 687 668 760 styrace
687 680 798 741 sullies.
836 682 880 742 sic
901 683 983 741 enim
1003 684 1110 743 matrix

91 773 203 852 poterit
225 769 326 830 fetidis
350 769 492 830 odoribus
515 787 532 829 a
555 768 761 848 superioribus
784 769 821 829 ad
846 769 991 830 inferiora
1015 769 1112 850 iugari

92 867 123 920 et
144 859 210 920 loco
237 860 360 938 proprio
384 859 532 938 revocari,
561 875 630 918 cum
652 856 826 918 melioribus
853 865 884 919 et
910 859 1053 919 iucundis
1076 859 1112 919 ad

91 948 250 1008 inferiores
280 954 381 1028 partes
412 948 504 1008 luerit
533 947 655 1007 inritata
685 953 716 1007 ot
743 954 911 1027 provocata.
957 947 1050 1008 etiam
1082 955 1113 1008 et

92 1035 264 1097 cucurbitas
292 1037 376 1097 cuias
399 1031 450 1116 <id
479 1042 525 1096 est
552 1031 631 1116 leri>
654 1053 723 1096 cum
745 1036 931 1116 appositione
954 1053 972 1095 a
996 1037 1112 1116 superi·

53 1137 79 1177 10
93 1124 197 1186 oribus
219 1124 354 1205 partibus
378 1142 473 1204 usque
497 1123 533 1184 ad
556 1125 679 1204 inguina
701 1122 807 1185 blande
830 1123 970 1185 deduces.

183 1213 270 1274 aliud.
308 1215 420 1274 cumini
439 1211 593 1274 torrefacti
611 1212 790 1275 coclearium
812 1211 826 1272 l
849 1211 1009 1291 diligenter
1033 1220 1114 1274 teres

93 1310 124 1364 et
147 1321 216 1364 oum
239 1303 307 1363 vino
330 1305 457 1364 mixtum
479 1302 589 1362 ieiunis
612 1299 704 1361 dabis.

182 1391 270 1452 aliud.
307 1390 480 1472 vulpeculae
500 1388 591 1468 adeps
610 1396 662 1449 aut
680 1405 785 1468 caprae
805 1405 874 1448 cum
892 1387 1012 1450 modico
1035 1388 1113 1452 bitu-

93 1481 173 1540 mine
197 1481 287 1541 tritus
310 1481 394 1540 etin
416 1494 506 1559 pesso
530 1478 683 1557 appositus
705 1473 959 1557 praefocationem
979 1480 1114 1540 matricis

54 1578 80 1619 15
93 1569 216 1646 mitigat.

183 1655 331 1714 trociscus
358 1654 568 1733 ypocapnistos
594 1652 695 1715 idest
722 1654 978 1734 suffumigatorius
1001 1653 1113 1715 faciens

94 1743 130 1804 ad
162 1749 315 1803 menstrua
347 1740 521 1802 deducenda
553 1749 584 1802 et
616 1740 652 1801 ad
685 1744 816 1803 matricis
843 1741 1026 1804 adscensum
1054 1744 1113 1804 sire

95 1848 258 1911 supernum
277 1847 444 1911 recursum,
463 1847 553 1910 quem
573 1827 678 1890 Graeci
696 1830 875 1891 anadromen
895 1828 1010 1913 dieunt,
1029 1839 1061 1893 et
1078 1830 1113 1892 ad

93 1920 344 2000 praefocationem
372 1920 505 1980 matricis
533 1919 644 1997 optime
672 1919 792 1980 iaciens,
832 1920 942 1998 recipit
970 1919 1113 1981 dictami

55 2021 82 2059 2⁰
96 2010 214 2089 cretici,
237 2008 419 2088 artemisiae,
441 2007 598 2088 paeoniae,
625 2004 730 2086 lapidis
754 2008 881 2088 gagatis,
905 2006 1112 2070 aristolochiae

167 2288 181 2335 1
201 2287 238 2336 eir
261 2298 344 2352 capre
369 2281 463 2352 ep1c'
487 2281 627 2337 combusti
649 2297 677 2349 c,
700 2288 718 2336 ai
744 2287 796 2351 cof)
820 2281 910 2352 epicis
931 2283 1079 2339 combusto
1091 2301 1113 2354 p

93 2354 141 2420 (of.
162 2352 225 2409 Gal.
246 2353 353 2422 XIII,
373 2357 439 2409 320.
471 2354 532 2407 Aet.
550 2357 603 2420 12,
622 2357 660 2406 68
681 2368 713 2422 p.
732 2357 795 2408 997.
830 2353 882 2407 Tb.
900 2353 990 2411 Ra'se.
1004 2371 1071 2438 pyra.
1084 2361 1111 2412 2.

94 2428 191 2479 contro
209 2425 335 2494 disputat
352 2423 478 2478 Soranus
491 2440 522 2493 p.
541 2424 623 2490 256).
729 2429 746 2478 2
765 2422 880 2478 neribus
898 2440 927 2478 c:
953 2425 1070 2481 eunbns
1083 2443 1112 2496 p.

95 2494 238 2565 applicato
257 2512 285 2562 c,
302 2494 427 2564 aplicats
441 2509 471 2562 p.
562 2499 579 2546 3
597 2492 730 2549 desinunt
744 2509 778 2562 p,
801 2494 914 2548 desumit
931 2511 955 2552 c.
1047 2514 1112 2570 serp

94 2582 145 2621 osu.
165 2581 187 2621 e.
295 2565 382 2620 taut
400 2581 426 2620 c:
445 2563 570 2619 matricis
584 2580 615 2632 p.
718 2566 859 2620 ostorece
872 2581 910 2634 p,
932 2566 1073 2623 sciracnm
1091 2586 1110 2625 e.

95 2636 172 2692 suffis
181 2653 214 2705 p,
228 2635 297 2691 fusis
311 2652 333 2690 c.
407 2653 429 2688 s.
444 2651 467 2689 e.
481 2637 542 2704 pot.
556 2633 659 2689 meum
672 2651 703 2703 p.
778 2635 922 2706 'tproprio
936 2653 964 2692 o:
978 2639 1072 2708 primo
1081 2657 1112 2710 p.

94 2706 222 2762 iocundis
240 2723 282 2776 sp.
368 2706 499 2776 8perlos
518 2721 568 2760 om.
588 2720 610 2759 c.
696 2708 801 2761 inuste
814 2723 851 2776 p,
872 2709 966 2763 iubeto
989 2726 1012 2765 o,
1096 2716 1111 2764 9

95 2777 253 2833 cucurbitus
278 2775 365 2845 (cusas
384 2777 448 2832 odd.
468 2777 493 2845 e)
517 2793 580 2830 cum
599 2775 775 2846 appositione
798 2794 839 2846 op.
952 2784 988 2834 10
1009 2779 1110 2835 blundo

95 2849 173 2904 ducis
193 2865 226 2917 p,
250 2847 314 2902 albe
337 2847 439 2902 blande
463 2846 569 2902 delucis
593 2862 615 2903 c.
695 2852 726 2901 11
747 2848 892 2904 urrefacfi
909 2864 962 2904 oen.
983 2867 1006 2905 c.
1080 2855 1110 2905 12

95 2925 130 2974 cu
144 2936 171 2976 e:
190 2935 241 2975 our.
250 2935 282 2987 p.
363 2918 453 2972 mixto
466 2934 508 2988 cp.
589 2917 697 2972 ieiunos
716 2917 797 2991 dabis
823 2936 850 2988 c,
876 2919 1007 2974 ieiunans
1031 2923 1112 2991 pota-

94 3009 138 3063 bis
151 3025 182 3079 p.
258 3012 290 3061 13
310 3005 423 3074 adipem
438 3047 462 3060 ..
479 3005 597 3060 ‚tritum
617 3022 658 3075 cp.
737 3013 789 3077 cup
809 3023 836 3076 c,
855 3000 924 3090 oap'e
945 2998 1068 3081 (eapre's)
1080 3025 1111 3079 p.

97 3086 130 3133 14
149 3082 179 3135 et
196 3078 323 3149 inpresso
343 3076 504 3146 appositum
519 3093 545 3144 e,
565 3078 594 3131 et
609 3075 735 3146 inpresso
754 3080 784 3133 et
802 3082 935 3149 apposite
948 3095 980 3149 p.
1053 3095 1111 3134 ms

94 3151 174 3206 tricis
188 3167 223 3220 p:
243 3150 294 3204 eut
312 3163 326 3203 c
345 3151 410 3216 (pro
428 3148 552 3202 matriae
570 3149 728 3216 conpendio
745 3154 775 3201 ᾗ
788 3150 865 3218 laeto,
882 3156 915 3204 ut
931 3166 1014 3220 saepe
1025 3151 1111 3220 infru,

95 3226 139 3287 au,
159 3227 179 3276 1'1
194 3246 228 3267 =
242 3222 346 3286 autem
365 3221 423 3287 sut,
441 3219 492 3288 ui).
567 3224 599 3273 16
612 3219 837 3288 ypocapmistros
851 3237 872 3290 c,
890 3221 1070 3292 opoeonislss
1082 3238 1110 3292 p.

95 3290 303 3347 suffumatorius
327 3306 367 3359 cp.
442 3295 475 3343 1⁷
494 3288 630 3344 adscensu
649 3305 677 3358 e,
695 3289 813 3346 secessu
826 3309 857 3362 p.
942 3297 975 3348 18
995 3292 1110 3348 modro-

94 3379 162 3416 mon
178 3379 205 3429 e,
225 3363 340 3416 -droffi
353 3377 385 3430 p.
460 3364 493 3413 te
510 3359 581 3415 facit
599 3375 621 3414 o.
693 3361 779 3433 licp.
868 3362 987 3419 dictami
1006 3381 1032 3434 e,
1051 3362 1109 3434 dip-

94 3432 165 3487 tami
178 3449 230 3502 p..
282 3437 317 3486 20
336 3430 466 3502 sgagelis
479 3447 510 3501 p.
