2318 3788
307 207 547 273 -199—

25 344 156 400 triculosa
170 351 216 399 ⁴16
249 345 395 414 (quemad-

25 435 46 470 n
60 418 90 471 in
100 419 162 471 utre
178 416 299 485 quodam
311 416 394 473 Paul.

25 491 60 543 m.
72 529 79 555 ‚
101 487 227 556 sequitur
236 487 342 542 sonitus
353 531 358 542 .
370 528 376 542 .
388 530 394 542 .

25 557 394 628 ramsemipleniutrisant.

25 632 125 701 ‚rost

25 715 50 757 r:
71 702 92 756 si
112 717 178 756 vero
196 700 293 756 atonia
310 699 396 755 fuerit

25 789 40 826 e
67 772 99 826 id
127 774 169 826 est
200 772 332 826 debilitas
360 777 395 825 46

25 846 117 909 teto).
150 843 185 910 cf.
201 843 273 898 Cael.
293 844 348 898 chr.
369 848 395 911 2,

26 913 163 969 eiectione
182 914 228 968 vel
247 913 395 969 debilitate

25 979 395 1054 rumquamGraeciricovluv

25 1059 41 1111 t.
78 1057 158 1113 Alea.
178 1073 223 1125 up.
243 1055 311 1111 Sim.
329 1072 351 1111 s.
370 1072 394 1112 o.

25 1127 75 1182 tat
109 1130 235 1183 cessante
271 1127 395 1196 corporis

25 1200 102 1253 rento
113 1216 197 1266 quam
209 1198 308 1253 Graeci
321 1201 395 1253 atro·

25 1271 109 1324 ocant
131 1276 165 1322 42
190 1269 395 1339 (Occidunt,

34 1366 68 1386 =
87 1341 158 1395 leid.
179 1347 204 1407 4,
225 1347 249 1410 7,
268 1342 322 1409 27).

25 1425 86 1476 ιοςε
110 1411 231 1466 auliscus
253 1413 324 1478 (sine
347 1413 396 1481 qt.)

25 1499 137 1548 ‚osseus
148 1499 250 1538 aeneus
256 1488 303 1537 etc.
317 1499 396 1552 saepe

25 1570 46 1608 rr
64 1553 137 1608 tibia
154 1558 189 1607 48
209 1555 244 1619 cf.
263 1552 335 1610 Cael.
351 1571 394 1610 oa.

25 1624 146 1692 clysterio
165 1625 291 1679 auliscon
310 1642 394 1694 quem

25 1694 102 1749 biam
121 1695 213 1750 dicere
232 1696 393 1765 poterimus.

25 1768 81 1834 υῆτ
127 1767 263 1820 utendum
308 1768 395 1822 etiam

32 1836 132 1891 calidis
155 1837 278 1891 naturali
302 1837 394 1892 calore

25 1908 76 1975 tis,
96 1925 161 1962 nam
177 1907 278 1964 Graeci
292 1909 395 1963 autofio

27 1983 131 2033 vocant
149 1986 192 2034 46.

25 2051 70 2104 :et
79 2050 240 2119 appellatur
250 2067 268 2104 a
282 2048 395 2104 Graccis

25 2123 62 2175 rte
91 2122 189 2190 aptha¹
223 2137 309 2190 quam
344 2137 395 2175 noe

25 2191 172 2246 :octionem
204 2191 323 2246 dicimus
350 2198 393 2247 36.

25 2280 58 2317 ro
83 2263 172 2332 aptha
193 2262 329 2317 fueritin
347 2269 395 2318 o're

25 2337 34 2388 t
66 2333 122 2388 oris
152 2333 244 2388 coctio
269 2335 307 2390 ib.
335 2334 395 2403 (nbi

25 2423 28 2457 ι
47 2406 88 2459 oet
103 2421 172 2459 corr.
186 2405 281 2460 asthes
299 2410 395 2474 quater

28 2476 63 2543 cf.
85 2474 194 2531 Oriboo.
213 2481 262 2530 oet.
282 2476 330 2530 lat.
345 2476 393 2544 VI,

25 2548 64 2600 int
73 2547 159 2601 etiam
170 2545 225 2602 oris
237 2546 310 2601 vitia
323 2562 393 2614 quas

30 2619 112 2687 aptas
130 2618 284 2687 appellant.
322 2617 395 2672 fiunt

25 2690 119 2742 ulcera
141 2689 171 2742 in
196 2689 252 2743 oris
280 2688 393 2742 summi·

25 2761 111 2828 [caius
142 2765 246 2815 testam
278 2761 395 2814 atteram

25 2832 85 2898 im).
123 2831 219 2886 ulcera
242 2831 298 2886 oris
327 2829 393 2886 Gela

25 2971 115 3039 ϊμόςτ
135 2972 288 3027 secundnm
306 2973 392 3041 apho-

25 3063 27 3095 ι
61 3044 175 3113 (Hipp.)
206 3044 237 3097 id
269 3046 312 3098 ost
344 3043 393 3098 do-

25 3115 63 3168 nis
82 3115 272 3184 eloquentiam
291 3121 334 3170 29.

46 3185 138 3240 tineas
167 3186 268 3256 capitis
293 3184 394 3241 Graeci

25 3275 45 3311 rs
69 3258 119 3325 (sic
140 3259 202 3327 ρῳ)
222 3258 394 3312 vocaverunt

25 3332 29 3383 ’.
55 3328 122 3382 Sim.
145 3345 166 3383 s.
190 3345 273 3384 aeona
300 3329 392 3398 (Ales.

50 3405 82 3454 19
107 3399 210 3455 achora
231 3399 326 3468 passio
349 3402 393 3454 ost

25 3487 51 3526 sa
84 3474 147 3526 cute
183 3471 284 3542 capitis
316 3471 394 3526 facta

462 363 550 415 parva
575 345 714 401 foramina
740 346 862 414 habens,
893 362 929 401 ex

463 416 563 486 quibus
599 417 661 472 fluit
702 417 802 472 humor
844 434 930 486 quem

462 504 548 556 ycora
570 488 649 559 greci
669 489 785 558 vocant,
809 489 932 544 undeet

462 560 526 629 ipsa
543 559 637 629 passio
656 576 739 614 acora
762 559 932 629 appellatur,

463 647 549 699 quam
561 631 721 685 nostabem
739 630 864 685 dicimus.
894 629 931 696 cs.

463 702 544 756 Paul.
573 717 618 771 ap.
647 701 730 771 Sim„
763 703 813 757 abi
844 701 930 770 acor).

445 768 672 841 βαλαύστιονι
691 771 826 828 balaustii
838 771 869 827 id
885 773 930 827 est

463 843 538 898 floris
557 843 626 899 moli
644 845 756 913 granati
774 851 817 900 48.
859 842 930 900 sim.

462 931 485 970 s.
512 931 536 969 c.
562 919 628 984 post
652 917 697 971 cit.
726 915 821 971 Dione.
850 916 932 970 addit

462 987 540 1040 haec:
570 985 682 1041 Cassius
705 985 752 1040 Fe.
782 1003 842 1056 oap.
872 987 930 1055 (48)

464 1057 499 1111 de
511 1056 672 1111 dissinteria
687 1087 720 1096 -
734 1056 804 1111 item
818 1057 847 1110 in
857 1055 931 1112 anti-

464 1127 574 1182 dotario
587 1128 618 1182 in
628 1127 803 1183 confectione
816 1127 930 1197 saponis

464 1200 548 1268 (qaod
579 1199 606 1253 oi
636 1215 729 1254 emam
760 1204 800 1253 eat
831 1199 930 1254 habuit

463 1269 672 1324 Antidotarium
697 1271 747 1324 hoc
772 1287 791 1324 o
818 1269 930 1324 Simone

461 1341 617 1467 {secusino
645 1341 930 1466 meiwme'ncuiuff

481 1429 507 1466 ec
542 1427 578 1466 ao
595 1428 629 1466 ae
645 1428 745 1466 menso
762 1428 807 1466 aas
849 1429 867 1466 a
880 1427 908 1466 es

464 1429 556 1538 oncis
578 1428 669 1538 ittam
699 1483 856 1552 fraumenta
884 1451 930 1537 ecs

464 1558 568 1623 coapta)
581 1584 615 1593 -
632 1552 702 1608 dicit
720 1554 797 1623 quod
815 1555 859 1609 est
877 1553 929 1609 flos

461 1624 601 1680 amoniaci
633 1625 776 1694 (nimirum
809 1626 841 1679 in
869 1626 928 1680 eod.

462 1696 585 1752 Simonis
597 1701 629 1750 at
647 1697 680 1750 in
697 1697 799 1751 nostris
813 1712 846 1764 cp
864 1697 932 1751 hacc

462 1770 504 1822 ita
527 1772 659 1836 carunto
684 1769 841 1836 tenebantur
858 1784 932 1837 ypo-

464 1838 594 1908 quistidis
626 1839 698 1904 suci,
740 1837 875 1893 balaustii
911 1837 931 1892 i.

462 1909 539 1963 floris
573 1908 763 1977 a(r)monieci‚
805 1907 930 1963 omnium

453 1978 621 2064 qspecierum
639 1981 729 2061 etot·

445 2049 932 2202 nGrgiiroisffliigrgtiarrilslaapriglalgtui

464 2197 507 2246 39.
525 2190 598 2245 nlud
607 2191 844 2246 medicamentum
853 2191 931 2260 quod

463 2260 569 2318 Graece
593 2261 744 2317 ebarharos
770 2262 933 2332 appellatur

463 2339 506 2388 46.
539 2333 613 2388 illud
629 2333 834 2403 (emplastrum)
854 2333 931 2403 qnod

463 2423 481 2460 a
491 2403 605 2460 Graccis
618 2405 753 2460 barbaros
768 2405 932 2486 appellatur

463 2481 505 2530 75.
530 2477 564 2544 cf.
579 2492 603 2531 c.
616 2480 653 2530 45
667 2481 737 2530 ectr.
750 2492 828 2531 exrra
841 2476 932 2530 medi·

461 2548 622 2601 cementum
647 2545 765 2601 interius
793 2547 931 2616 scriptum

462 2619 509 2700 (sc.
528 2614 546 2686 ἡ
566 2613 657 2700 ξηρά)
741 2687 747 2699 ,
841 2686 848 2699 ,

444 2687 506 2757 βηξ
513 2701 521 2743 2
535 2688 614 2757 longr
627 2691 764 2758 temporis
777 2688 929 2743 tussiculas

462 2776 532 2827 quas
551 2757 652 2814 Graeci
671 2757 800 2813 chronias
820 2758 928 2815 baeocas

463 2831 513 2897 (oio
534 2845 566 2899 9,
592 2830 701 2884 cronias
724 2831 808 2884 bocas
829 2830 932 2900 1))νο-

461 2902 527 2956 cant
544 2906 586 2955 33.
607 2931 641 2941 ——
659 2899 794 2955 humida.
809 2899 930 2956 ..tussis

460 2989 546 3041 quam
581 2970 682 3027 Graeci
718 2971 851 3040 igrobeca
889 2973 928 3040 (y)

460 3044 564 3098 vocant
585 3044 623 3098 ib.
662 3043 698 3110 cf.
722 3043 790 3098 Sim.
808 3057 829 3097 a.
854 3041 930 3096 drio-

460 3113 563 3169 betade
582 3115 647 3183 (cici
673 3114 708 3181 cf.
728 3111 885 3168 drobeoado
904 3129 929 3181 c,

460 3184 596 3255 ydropica
610 3188 652 3255 p).
668 3215 702 3225 —
716 3183 802 3239 tussis
816 3183 896 3240 arida
912 3201 932 3239 a

462 3255 576 3312 Graecis
589 3256 759 3312 xerobeches
777 3256 815 3326 (y)
829 3255 931 3326 appol·

460 3327 536 3382 latur
559 3333 594 3382 34
617 3328 665 3398 (cf.
689 3327 757 3382 Sim.
778 3342 799 3382 o.
823 3326 931 3382 hechas

460 3404 486 3454 et
503 3415 524 3454 s.
543 3398 714 3469 xerobicho).
912 3464 921 3475 1

446 3466 589 3542 totto&
610 3468 765 3538 cato-ouda
784 3466 958 3531 §unwano—
