2318 3788
16 84 46 117 '¹'
96 93 192 167 anuto
213 92 382 155 seeundum
399 93 627 174 osculationem,
651 112 739 172 quam
758 93 863 156 Graeci
886 98 1086 157 anastomosin

93 191 189 264 incant,
211 181 360 262 siquidem
382 182 585 262 perforatione
610 183 686 243 lacta
709 182 800 244 veluti
823 201 859 244 ex
883 184 996 244 orificio
1020 202 1086 245 san·

89 271 192 346 punem
224 273 375 351 emittant,
411 269 569 349 aliqnando
606 270 771 333 secundum
808 271 1007 351 putredinem.
1056 280 1087 349 et

87 362 216 440 modogit
238 360 429 439 frequentius
453 377 489 421 ex
516 377 663 439 percussu
686 368 738 422 ant
760 362 850 422 nimia
872 361 1085 422 exclamatione

84 457 125 510 ant
157 450 287 529 ingentis
319 447 485 510 altitudinis
517 467 589 511 casn
621 457 672 510 aut
707 448 889 511 ulceratione
927 451 1004 511 laeta
1036 458 1114 510 auto

80 537 257 618 compatione
276 539 408 616 gutturis
427 536 572 599 violenter
589 539 706 617 ingesta
724 546 776 599 ant
794 540 883 599 nimia
902 538 1085 619 plenitudine

10 642 12 655 ·
76 628 229 707 empiricis.

156 716 323 778 curationis
351 732 422 776 vero
449 723 583 795 tempore
607 719 633 777 si
656 735 693 776 ex
720 714 905 795 plenitudine
934 719 1086 796 sanguinis

73 822 141 867 vana
171 805 265 865 luerit
286 811 390 884 rupta,
418 807 535 884 etipse
558 807 610 883 qui
632 807 746 884 patitur
769 813 905 867 naturam
928 808 990 867 sive
1013 814 1086 867 tem·

69 895 235 973 perantiam
253 894 406 974 corporis,
429 911 517 973 quam
536 892 642 955 Graeci
661 896 759 955 erasin
778 894 938 976 appellant,
963 894 1087 956 calidam
1102 911 1127 949 ιο

69 980 216 1062 habuerit,
240 999 330 1060 quam
353 981 509 1043 Galenus
531 981 616 1043 libris
638 985 704 1061 peri
722 1001 847 1044 eraseen
870 983 1032 1063 appellatis,
1055 986 1086 1044 in

66 1071 178 1150 quibus
197 1069 235 1133 de
259 1072 454 1149 temperantia
474 1073 608 1150 corporis
627 1069 745 1152 scribit,
768 1071 825 1132 hoc
844 1070 932 1132 modo
954 1071 1087 1150 intellegi

66 1159 180 1223 docuit.
222 1161 264 1221 ait
291 1161 372 1221 enim
399 1177 436 1220 ex
462 1159 652 1240 Hippocratis
681 1162 829 1221 sententia
857 1178 983 1240 corpora
1011 1177 1086 1239 quae

66 1251 213 1311 vastiores
235 1265 326 1309 venas
353 1246 513 1310 habuerint
535 1247 684 1310 calidioris
707 1267 774 1310 esse
798 1257 921 1310 naturae
950 1257 980 1310 et
1010 1267 1085 1328 quae

64 1340 258 1418 augustiores
289 1335 461 1415 frigidioris.
511 1355 583 1417 ergo
620 1337 748 1400 calidum
785 1355 895 1417 corpus
932 1340 957 1398 si
995 1339 1087 1417 signis
1102 1350 1128 1390 15

65 1445 159 1507 snpra
182 1427 357 1487 memoratis
380 1434 519 1505 aegrotus
547 1426 725 1501 ostenderit,
755 1429 786 1487 in
815 1426 936 1489 brachio
964 1425 1086 1487 fleboto-

66 1515 196 1579 mandus
224 1516 307 1591 erit>
333 1515 377 1575 sie
405 1516 484 1575 enim
512 1517 624 1595 poterit
651 1534 725 1577 vena
748 1517 936 1577 extrinsecus
959 1516 1088 1576 relevata

64 1603 210 1666 adhibitis
252 1601 425 1682 potionibus
466 1603 611 1665 eolletiois
654 1606 837 1666 intrinsecus
880 1603 1087 1682 conglutinari.

64 1690 281 1773 apponendum
307 1693 396 1755 etiam
424 1700 455 1752 et
481 1692 530 1753 dia
557 1695 638 1754 iteon
666 1683 858 1772 emplastbum
887 1700 939 1752 aut
968 1693 1086 1753 linicine

10 1790 13 1863 ξ
67 1781 197 1843 Galeni
224 1797 313 1859 quam
341 1779 388 1840 dia
411 1780 571 1841 chalciteos
599 1781 685 1860 dicit,
713 1789 764 1841 aut
787 1788 869 1840 certe
899 1779 948 1840 illa
971 1799 1046 1859 quae
1071 1796 1128 1842 a20

10 1868 12 1941 j
65 1870 192 1932 Graecis
211 1867 372 1929 ebarbaros
391 1868 556 1948 appellatur
579 1872 610 1930 in
634 1868 749 1930 duabus
768 1869 856 1929 alutis
874 1867 1005 1950 inducta,
1028 1888 1087 1931 nna

65 1961 98 2021 iu
128 1965 252 2039 pectore
277 1965 308 2018 et
334 1956 477 2018 lateribus
501 1967 532 2018 et
562 1957 654 2019 altera
677 1975 694 2018 a
723 1966 807 2037 tergo
834 1959 914 2018 inter
943 1957 1088 2039 scapulas,

66 2045 150 2128 quod
169 2046 356 2107 metalrenon
380 2047 492 2108 dieunt.
528 2046 636 2107 dehinc
656 2047 851 2108 refectionem
874 2045 957 2108 dabis
980 2065 1087 2126 panem

66 2153 160 2216 posca
182 2133 290 2214 frigida
312 2135 452 2195 inlusum.
499 2143 551 2197 aut
573 2153 692 2215 oryzam
716 2135 851 2196 elixatam
878 2154 945 2197 cum
970 2136 1087 2198 modico

142 2277 156 2326 1
172 2269 377 2325 osculationem
390 2285 420 2339 p:
436 2269 658 2327 obsculalionem
668 2288 700 2341 p,
713 2270 915 2326 ulcerationem
929 2288 951 2326 e.
1020 2288 1086 2326 ana·

65 2340 205 2398 stomasin
222 2357 283 2411 pop.
374 2343 440 2396 tet
457 2341 599 2412 contingit
616 2347 664 2398 etc.
697 2342 733 2409 ef.
748 2341 810 2397 Gal.
836 2341 911 2407 VII,
929 2346 997 2397 232.
1070 2348 1088 2396 t

66 2429 265 2552 mna
285 2428 452 2539 aaa
468 2499 497 2539 π
809 2412 1089 2552 rounam

69 2544 274 2611 14'aatidtores
293 2570 317 2610 a.
336 2555 444 2609 naturae
461 2571 480 2626 p
498 2526 651 2624 (calidioris
670 2571 694 2611 e.
713 2556 813 2610 nature
854 2502 885 2622 )p
964 2560 997 2626 lb
1016 2556 1040 2609 si
1056 2501 1087 2624 ἔτ

67 2627 114 2681 bie
131 2642 183 2681 om.
204 2641 237 2695 cp
257 2625 344 2696 (Ergo
366 2625 391 2680 si
409 2625 532 2680 calidum
550 2630 598 2681 eta.
612 2642 649 2695 p,
667 2624 705 2680 Er
725 2642 742 2681 o
762 2572 885 2680 ealidbm
958 2627 1088 2695 egrotum

67 2697 92 2752 si
111 2715 140 2753 se
159 2697 212 2753 osb.
232 2697 267 2766 e).
368 2702 401 2752 ta
420 2697 547 2753 relevata
565 2713 612 2767 epo
630 2697 678 2764 (ef.
724 2698 760 2752 al.
782 2697 820 2766 X,
840 2700 902 2752 314.
921 2699 985 2778 5316.
1003 2701 1087 2765 328)2

66 2787 180 2858 repleto
201 2803 262 2857 pap.
373 2789 405 2841 18
430 2784 594 2842 eollaeiieiis
615 2801 648 2855 p,
672 2785 775 2841 —tivis
798 2802 824 2854 e,
846 2778 953 2853 -tppn
973 2785 1033 2854 (eie)
1052 2792 1089 2854 p⁰

68 2859 100 2928 (i.
120 2876 141 2914 a.
160 2859 357 2927 waltenstide).
396 2857 432 2924 ef.
451 2857 538 2925 infra.
649 2862 682 2912 19
701 2856 847 2912 dinithson
864 2872 884 2943 p
901 2855 1046 2924 (diatheon
1065 2874 1087 2925 e,

68 2928 232 2986 diacbibeon
246 2930 288 2999 p).
397 2928 554 3002 finicenae)
573 2930 647 2999 ΜΡ),
671 2927 797 2984 fenioeue
819 2944 833 2983 c
856 2928 903 2995 (ην
926 2928 1088 2998 paternione

68 2996 201 3071 ὀνομάζω
221 2999 285 3056 Gal.
306 2999 414 3066 XIII,
432 3004 496 3056 375.
528 3000 564 3068 ef.
581 3001 624 3067 X,
639 3000 714 3069 405).
815 3004 850 3053 20
869 2998 917 3054 dia
936 2998 1089 3054 oeleitheos

66 3089 86 3143 p
101 3074 210 3142 (-teos
219 3088 252 3142 p,
271 3070 426 3126 dicebiteos
441 3073 474 3140 e).
546 3077 580 3126 at
597 3071 746 3126 abarbaros
761 3088 787 3141 p,
806 3070 956 3126 abarbores
970 3086 993 3141 e,
1007 3088 1023 3136 a
1038 3072 1088 3140 (et)

66 3144 204 3199 bmbaros
224 3160 248 3212 p
275 3137 305 3213 (ἡ
333 3137 474 3215 βάρβαρος
495 3158 520 3198 o.
545 3141 608 3197 (iat
640 3142 747 3211 XIII,
775 3146 829 3198 551
857 3145 937 3211 sqqi·
1054 3145 1099 3188 Ὦ»

65 3231 156 3284 quam
172 3216 256 3286 pap).
330 3219 364 3268 24
383 3213 487 3269 orizam
504 3213 629 3271 lixabam
647 3215 661 3285 i
676 3215 713 3284 'l
733 3231 760 3287 p.
