2318 3788
496 158 711 224 ...64-

183 308 215 367 in
243 303 447 367 curationibus
474 322 545 364 vero
574 305 600 364 si
628 303 738 370 nimius
765 302 857 363 fuerit
884 300 971 362 dolor
993 307 1093 382 praeter

94 395 284 475 putredinem
317 395 516 474 gingivarum,
548 399 667 472 oportet
701 389 827 452 sacculis
856 389 928 451 salis
958 389 1093 450 torrefact

94 483 160 546 loca
187 501 263 563 quae
291 481 409 542 dolores
436 483 590 562 patiuntur
617 482 804 542 extrinsecus
826 497 980 558 vaporare.
1023 479 1093 540 etim

95 582 126 635 et
148 571 432 652 apoflegmatismum
453 567 688 631 masticatbrium
706 575 825 648 oportet
847 566 999 648 adhibere,
1022 580 1093 645 quen

69 661 201 723 aGraeci
227 676 420 720 mesomenon
446 666 566 734 vocant,
599 667 629 719 et
656 657 814 718 coniicitur
841 658 899 717 sic:
931 655 1093 735 staflsagritt

96 759 127 812 et
152 750 291 810 mastices
314 754 345 808 et
371 749 497 829 pyretri,
527 749 660 808 omnium
687 747 778 807 trium
806 747 890 824 paria
916 743 1047 825 pondera
1074 743 1093 800 ir

95 855 157 899 uno
184 837 341 915 diligenter
374 835 554 917 contundes,
582 853 668 897 cerac
701 832 851 894 modicum
878 831 1052 895 admiscebis
1075 836 1093 890 et

96 925 209 987 rotulas
237 925 344 1006 finges,
372 942 446 1004 quas
475 923 580 985 Graeci
607 923 752 984 trociscos
780 929 895 983 vocant.
940 940 977 983 ex
1004 919 1093 1001 quibu

96 1013 294 1075 masticandos
317 1011 414 1094 dabis,
437 1021 468 1073 et
490 1012 631 1074 inclinato
656 1013 752 1091 capite
774 1009 933 1071 humorem
952 1011 1093 1072 decurrere

58 1119 85 1159 ao
98 1102 238 1164 dimittes.

186 1189 265 1252 aliud
293 1190 329 1250 ad
357 1189 455 1252 dentis
483 1189 615 1271 dolores,
643 1187 786 1268 enchyma
813 1187 844 1247 id
875 1195 922 1249 est
949 1186 1093 1249 infusioin

97 1298 193 1341 nares.
229 1279 330 1361 betae,
357 1286 389 1340 et
411 1277 517 1340 melius
540 1279 679 1358 agrestis,
706 1277 816 1338 radicis
839 1294 913 1338 suco
936 1278 969 1338 in
991 1273 1093 1338 naritus

97 1370 192 1448 ipsius
220 1370 313 1448 partis
341 1367 468 1428 dolentis
496 1368 595 1428 infuso
619 1365 736 1426 dolores
762 1365 898 1427 dentium
921 1365 1025 1426 solves.
1056 1359 1093 1422 oh·

98 1456 277 1517 servandum
303 1463 459 1534 praeterea
485 1455 522 1516 ab
550 1453 688 1515 omnibus
715 1453 840 1533 frigidis.
883 1472 952 1515 nam
982 1453 1093 1533 Hippo·

59 1559 85 1600 aa
99 1552 218 1604 crates
240 1546 272 1604 in
295 1543 443 1603 aiorismis
467 1545 510 1603 sic
533 1545 587 1623 ait,
610 1560 697 1603 omne
721 1542 863 1621 frigidum
884 1541 1024 1604 dentibus
1045 1553 1093 1600 esse

98 1631 206 1692 hostile
233 1633 294 1691 sive
321 1631 489 1712 inimicum,
521 1631 601 1709 quod
634 1638 733 1692 autem
767 1630 896 1692 calidum
924 1633 1050 1692 amicum
1075 1630 1093 1684 ei

100 1718 282 1780 delectabile.

189 1808 314 1886 ipsicum
346 1806 383 1868 ad
419 1807 553 1869 dolorem
582 1807 689 1889 malae,
721 1807 757 1868 de
790 1806 999 1870 Vindioiani
1028 1801 1093 1867 tiri

131 2082 135 2087 .
162 2035 186 2111 '2
206 2030 314 2085 saculos
332 2031 397 2100 (εἰσ)
415 2030 481 2086 salis
500 2048 527 2087 c:
546 2032 612 2088 solis
629 2033 693 2099 (aie)
713 2031 832 2087 sacculis
847 2048 878 2100 p.
957 2039 975 2087 4
994 2029 1092 2102 apofleg

99 2100 287 2154 moussimum
300 2118 331 2170 p.
411 2118 507 2171 quem:
526 2103 601 2172 qnod
619 2120 652 2173 cp
672 2103 720 2172 (cf.
742 2103 793 2158 To.
813 2102 1024 2172 Potac.1,14).
1088 2102 1093 2149 Ι

98 2176 282 2240 mesomedp‚
301 2178 412 2227 mesum
425 2190 448 2228 c.
521 2176 645 2230 dotem.
656 2191 678 2244 p
697 2174 774 2242 (dis).
848 2173 967 2230 mastico
981 2192 1004 2243 c,
1023 2179 1093 2239 -op

99 2241 198 2322 piretri
216 2257 257 2310 cp.
309 2243 472 2324 'omnium
494 2244 580 2298 trium
603 2262 631 2300 c:
655 2261 705 2300 om.
721 2261 751 2327 p.
842 2245 970 2313 pondera
993 2262 1052 2302 cere
1072 2256 1093 2296 m

99 2309 236 2366 admisces
255 2313 285 2366 et
306 2331 335 2367 m
358 2314 425 2369 vino
448 2313 599 2384 diligenter
620 2317 742 2370 contuens
766 2314 817 2383 (sic
839 2331 867 2381 c,
895 2315 1052 2373 commiscis
1072 2312 1093 2384 p]

99 2397 207 2481 rosnae
220 2398 305 2483 ,frisie
323 2402 375 2467 (σέο
390 2418 424 2470 a,
440 2400 567 2486 pinsum
585 2405 610 2470 ο)
629 2419 707 2472 quas.
743 2404 787 2473 (⁶1³
800 2419 837 2472 c,
856 2387 888 2474 ds
903 2406 950 2474 10⁰)
968 2422 1011 2476 cr-
1046 2417 1093 2475 aaa

99 2469 195 2524 ordene
212 2486 319 2526 accuso
338 2487 452 2527 correns.
538 2474 680 2529 Srotules
697 2489 743 2543 cp:
766 2474 845 2530 —los
869 2476 946 2530 Petr.
1037 2490 1093 2540 exo

99 2539 307 2622 masticandum
325 2557 353 2611 c,
377 2542 463 2597 —dus
486 2543 576 2614 (d⁹)p
600 2545 647 2614 (ad
669 2545 876 2600 masticandum
899 2547 996 2618 Peon.
1078 2551 1093 2598 t

100 2609 220 2665 drmrttis
238 2627 279 2680 cp.
368 2617 400 2664 11
419 2613 497 2668 aliud
514 2611 596 2684 (πρὸς
614 2610 825 2684 danastrum:
846 2617 897 2672 hoe
914 2618 1060 2687 Apollonii
1076 2629 1093 2671 ct

99 2683 145 2746 (ec
167 2697 259 2762 ceper.
283 2698 327 2751 cp.
352 2681 416 2737 Gal.
443 2683 528 2753 XII,
556 2690 622 2741 865.
668 2687 703 2753 cf.
728 2685 822 2752 XIV,
846 2692 923 2756 356).
1032 2688 1092 2743 Atiu

99 2750 193 2806 dentns
211 2751 307 2808 doloro
326 2753 440 2808 endima
458 2770 485 2823 c,
509 2756 595 2810 Aliud
618 2756 655 2811 ed
678 2755 805 2811 dentium
822 2758 869 2812 val
892 2759 985 2815 dentis
1007 2760 1093 2816 dolore

101 2829 225 2908 {nolimu
242 2857 273 2908 p.
383 2846 416 2895 12
439 2860 533 2899 uerear
560 2844 634 2898 naris
658 2861 686 2914 c,
712 2844 826 2898 neribus
845 2861 868 2915 p
890 2846 1003 2913 (Simon
1027 2865 1047 2904 e.
1069 2864 1093 2914 u

99 2912 196 2966 betae:
215 2909 287 2966 Bata
305 2928 329 2980 c,
346 2911 415 2968 bace
428 2929 460 2982 p.
533 2931 630 2969 sucum
648 2916 687 2983 (u)
704 2913 894 2971 ...infusum
912 2933 954 2988 cp.
1045 2934 1093 2974 nor

99 2982 152 3036 bus
170 2997 196 3034 c:
214 2998 296 3037 nares
311 2999 342 3050 p.
417 2990 450 3038 13
465 2984 555 3040 solvas
574 2981 701 3054 (triuncem
721 2985 813 3041 solvet
830 3003 852 3054 c,
873 2989 951 3044 -vic
963 3006 996 3058 p.
1068 2988 1093 3044 oi

100 3051 278 3107 servendum·
298 3059 356 3121 ⁶12⁰:
389 3055 462 3110 -do
495 3060 558 3110 acte
589 3071 658 3112 corr.
687 3073 717 3124 p.
845 3063 879 3112 14
907 3063 1056 3129 ypocrates
1084 3058 1093 3112 i

101 3138 266 3208 aphorismis
285 3127 323 3208 <n
335 3142 399 3198 aaa.
414 3144 448 3212 p)
468 3160 509 3212 cp.
545 3145 648 3198 orator
665 3144 791 3198 amatior
809 3162 828 3199 a
848 3144 899 3200 aa.
916 3146 1008 3205 Proto.
1028 3150 1093 3216 1,1÷

102 3214 135 3263 15
154 3225 215 3263 esse
233 3210 363 3267 dentibus
380 3229 408 3283 p.
518 3220 551 3268 16
568 3213 672 3268 hostile
690 3213 749 3268 sive
767 3229 793 3268 c:
815 3231 866 3270 oro.
881 3232 912 3286 p.
1023 3221 1052 3275 et
1069 3217 1093 3272 dt

100 3277 276 3393 ppppaplffinp:
284 3297 345 3394 affin'
361 3300 392 3354 p.
466 3291 499 3341 18
516 3285 625 3339 fisicum
643 3299 676 3353 cp
693 3285 769 3351 (item
786 3285 887 3353 Infra).
926 3350 930 3357 ,
979 3291 1055 3346 mole
1072 3304 1093 3358 σι
