2318 3788
435 169 675 234 -119-

44 320 157 379 vesicae
190 317 331 396 porcinae
367 314 529 396 alligatum,
566 333 626 376 non
659 316 747 377 nimis
779 316 905 376 interius
938 314 991 375 sed
1027 315 1058 374 in

44 414 133 485 capnt
155 414 281 466 naturae
307 407 412 466 inicies
440 406 589 466 cervinam
613 403 771 465 medullam
797 405 899 465 susino
923 403 987 464 oleo
1012 422 1058 464 re·

44 495 170 556 solutam
198 502 250 554 aut
281 493 423 574 butyrum
450 512 556 554 recens
584 501 635 555 aut
662 494 778 573 adipem
811 495 982 554 anserinum
1013 491 1059 552 rel

43 583 246 662 gallinaceum.
288 581 453 644 adhibenda
476 585 565 644 etiam
589 582 801 644 encathismata
824 601 860 644 ex
883 582 1058 644 decoctione

43 690 179 734 rosarum
211 671 369 733 lenticulae
403 681 514 752 myrtae
543 670 611 732 rubi
642 671 759 733 lentisci
792 671 839 732 vel
869 671 916 733 his
948 673 1057 732 virtute
1086 681 1099 721 5

44 762 192 822 similium.
229 761 438 840 apponendum
458 764 547 822 etiam
567 768 597 821 et
615 760 662 821 dia
680 763 761 822 iteon
785 760 978 840 emplastrum
998 763 1058 821 sire

44 849 114 911 illud
149 850 400 911 medicamentum
438 850 517 930 quod
549 868 654 929 graece
688 849 848 911 ebarharos
885 849 1059 931 appellatur,

44 939 166 1001 renibus
190 947 221 1000 et
243 941 355 1018 pectini
378 957 532 1020 praeraso,
556 947 606 1000 ant
629 939 769 1000 dulcinen
791 957 880 1018 quam
903 939 1059 1000 Galenus

44 1027 182 1088 inlibris
208 1027 438 1107 emplastrornm
461 1047 537 1107 quos
561 1036 624 1088 cata
647 1046 723 1106 gene
742 1028 902 1109 appellant,
926 1037 1059 1090 nostram

42 1117 90 1177 dia
109 1116 270 1178 chalciteos
289 1119 458 1178 nominavit.
490 1118 664 1197 proliciente
684 1124 784 1179 autem
804 1120 967 1179 curationis
985 1126 1101 1178 tem-10

43 1225 114 1285 pore
140 1213 230 1267 erunt
259 1208 291 1266 iu
315 1205 382 1266 cibo
405 1205 493 1267 dandi
517 1207 596 1267 suini
618 1205 704 1284 pedis
726 1224 899 1287 mucrones,
929 1205 1059 1267 testiculi

43 1295 152 1356 madidi
176 1313 212 1356 ex
235 1312 312 1374 aqua
334 1303 364 1355 et
387 1294 545 1356 cerebrum
568 1303 712 1374 assatum,
740 1294 777 1354 de
803 1294 936 1375 piscibus
959 1303 1058 1355 autem

43 1383 216 1462 torpedines
255 1381 337 1444 aselli
370 1402 525 1464 murenae,
563 1384 600 1444 de
636 1385 733 1462 pomis
771 1402 840 1444 vero
873 1402 947 1444 uvae
984 1382 1058 1443 male

42 1472 167 1551 cydonia
199 1480 321 1550 granata
354 1481 383 1532 et
414 1473 461 1533 his
493 1475 602 1534 virtute
636 1471 750 1532 similia.
803 1471 934 1533 dandum
970 1474 1058 1533 etiam

42 1563 151 1622 ieiunis
179 1560 303 1640 aliquid..
319 1560 428 1621 sorbile
457 1560 536 1640 quod
564 1561 722 1622 humorem
749 1578 848 1622 acrem
879 1570 909 1622 et
938 1571 1058 1623 tenuem
1074 1573 1100 1613 1⁵

43 1659 72 1711 et
95 1668 236 1730 asperum
264 1648 359 1710 valeat
386 1649 545 1711 obdulcare
574 1659 604 1710 et
633 1650 816 1711 crassiiicare
840 1659 870 1712 et
893 1651 1000 1731 lenire,
1026 1659 1060 1710 ut

40 1746 88 1800 est
111 1737 242 1818 amylum
264 1747 458 1818 procuratum
481 1747 532 1800 aut
554 1738 674 1818 polenta
698 1757 735 1800 ex
754 1757 829 1818 aqua
848 1739 922 1800 elixa
942 1748 972 1800 et
991 1757 1060 1800 cum

41 1830 110 1888 vino
134 1826 244 1907 nigello
268 1826 420 1888 adduloata
440 1836 491 1888 aut
509 1846 596 1907 oryza
620 1835 671 1888 aut
694 1845 784 1906 grana
802 1830 935 1907 ptisanae
960 1837 990 1888 et
1013 1828 1059 1888 his

42 1915 158 1978 similia.
201 1915 346 1995 probatur
374 1919 462 1977 etiam
491 1916 555 1976 dari
584 1915 766 1976 sorbendum
794 1917 873 1994 quod
903 1917 1060 1977 conficitur

40 2007 94 2067 sic.
132 2023 169 2064 ex
187 2003 303 2065 nucleis
321 2003 493 2065 recentibus
512 2013 543 2065 et
562 2006 730 2066 cucumeris
755 2007 867 2064 semiue
891 2005 1058 2065 descamato
1073 2020 1101 2058 20

41 2102 74 2154 et
101 2093 253 2173 amygdala
281 2092 361 2154 dulci
389 2101 419 2153 et
443 2093 537 2173 amylo
561 2112 630 2154 cum
657 2091 732 2152 lacte
761 2093 792 2152 in
816 2111 875 2153 uno
902 2094 1059 2172 diligenter
1107 2097 1112 2104 ’

41 2185 121 2244 tritis
159 2192 189 2243 et
228 2181 335 2242 leviter
376 2185 527 2243 concoctis
569 2181 698 2242 dandum
735 2182 843 2242 ieiunis
886 2201 953 2244 cum
991 2184 1059 2242 vinc

115 2378 129 2425 1
150 2370 243 2425 verice
261 2370 376 2441 porcine
391 2370 500 2440 aligctu
514 2387 542 2426 c:
561 2370 656 2425 vesica
673 2370 790 2440 porcine
808 2370 929 2440 alligant
938 2387 969 2440 p.
1042 2378 1059 2425 3

39 2441 167 2498 butirum
184 2444 328 2497 recentem
346 2458 386 2511 cp.
460 2441 686 2496 tadhibendom
699 2458 736 2510 p,
756 2442 858 2496 -dnm
876 2459 898 2496 c.
972 2442 1060 2496 etium

35 2533 72 2584 p:
92 2515 123 2568 et
141 2530 162 2568 c.
250 2512 407 2568 encolisma
425 2530 451 2581 c,
471 2514 634 2568 encatasma
647 2530 685 2583 p,
704 2514 899 2567 eneatasmata
913 2519 956 2581 p0.
1042 2519 1058 2566 5

39 2585 113 2640 mire
132 2601 155 2651 c,
173 2584 257 2639 mirte
274 2602 303 2653 p.
377 2591 392 2639 6
412 2584 548 2640 similibus
567 2601 608 2653 cp.
681 2583 806 2639 diaiteon
820 2601 855 2652 p,
876 2583 1018 2638 diaciteon
1037 2601 1059 2640 c.

40 2663 57 2712 '1
77 2672 206 2726 grecor,
231 2655 308 2726 greci
326 2662 363 2724 ρο
379 2659 442 2721 (oro.
462 2661 505 2724 p).
614 2654 793 2710 embarbaros
815 2673 848 2724 p,
871 2656 1010 2710 barbanos
1036 2672 1059 2709 c.

38 2733 57 2783 8
77 2731 107 2783 et
125 2744 152 2783 c:
170 2729 222 2782 aut
237 2744 266 2796 p.
338 2726 464 2782 ienicene
479 2744 514 2796 p,
532 2725 652 2781 fenicete
671 2743 693 2781 c.
766 2726 894 2796 galienus
913 2743 940 2795 c,
965 2726 1021 2808 gol*
1036 2743 1059 2795 p

39 2803 87 2870 (τε
107 2799 171 2856 dat.
191 2797 299 2866 XIII,
318 2800 392 2868 375).
471 2804 486 2852 9
506 2797 536 2852 in
558 2799 631 2852 libro
650 2796 886 2866 emplcustrorum
900 2815 937 2866 p,
954 2797 1059 2852 librum

38 2872 260 2940 emplastrorum
277 2886 299 2925 c.
372 2887 443 2939 quos
464 2885 505 2938 cp.
596 2870 747 2938 eatagenos
767 2886 794 2938 c,
819 2884 940 2939 -nesp
957 2868 1057 2936 (Sim).

38 2948 93 2997 nic
109 2943 226 3012 (nostro)
241 2958 282 3009 cp.
359 2947 391 2995 10
407 2943 500 2996 antem
512 2957 546 3008 p:
561 2940 648 3010 igitur
662 2956 683 2997 c.
750 2947 781 2995 11
798 2940 869 2995 suini
885 2943 918 3010 (c,
934 2940 1016 2995 suelli
1025 2942 1059 3008 p)

39 3014 130 3084 pedes
148 3028 294 3068 mucrones
313 3028 346 3081 ep
365 3013 412 3080 (cf.
433 3012 495 3068 Gal.
518 3012 569 3078 VI,
589 3015 663 3078 671).
735 3012 757 3069 t.
771 3028 916 3067 macrones
932 3011 1021 3066 madii
1035 3029 1071 3078 c‚.

37 3088 61 3140 t.
81 3091 179 3140 acroes
197 3082 341 3152 medidip
358 3084 406 3151 (cf.
427 3084 489 3139 Gal.
515 3083 572 3150 VI,
591 3087 667 3149 676).
777 3089 810 3137 13
829 3098 896 3138 veto
915 3099 941 3137 c:
962 3098 1012 3138 oro.
1028 3100 1059 3153 p.

37 3172 98 3211 uva
117 3173 158 3226 cp.
247 3160 281 3209 14
300 3154 412 3210 cidonie
430 3172 470 3223 cp.
555 3159 587 3208 15
607 3153 683 3222 quod
697 3171 733 3222 p:
752 3157 785 3208 ut
802 3153 924 3223 accipiat
942 3153 1017 3223 quod
1036 3171 1057 3209 e.

37 3243 202 3295 oeconomo,
230 3243 375 3294 acrump.
486 3232 519 3281 16
543 3225 625 3280 linire
651 3228 740 3294 c(p⁰):
768 3226 866 3291 henne
885 3243 915 3294 p.
959 3280 962 3285 ,
1026 3232 1059 3280 17

37 3302 111 3369 polu
125 3299 260 3367 clientum
276 3339 281 3351 .
298 3341 304 3354 .
322 3339 328 3352 .
343 3297 447 3352 elixum
470 3313 511 3366 ep.
603 3314 666 3352 cum
686 3313 712 3351 c:
735 3313 786 3354 ont.
804 3313 832 3365 p.
925 3302 958 3352 18
981 3297 1060 3351 edul-

39 3373 176 3438 column,
195 3369 376 3425 obdulcatnm
385 3385 415 3438 p.
470 3385 558 3438 grana
570 3386 598 3439 p,
618 3384 705 3438 grone
719 3384 741 3423 c.
815 3374 849 3422 20
868 3370 943 3435 (item
955 3387 986 3436 p.
996 3373 1068 3428 120,

36 3443 69 3510 4)
90 3441 252 3496 descamato
268 3457 301 3509 p,
322 3440 506 3509 desquamato
526 3457 549 3498 c.
654 3445 693 3495 ‘dl
712 3443 745 3497 e'o
761 3437 1038 3498 concessemus&
1053 3446 1090 3491 u·
