2318 3788
442 197 681 266 —157-

51 352 83 406 et
110 343 199 404 multi
227 361 336 405 cursus
364 342 520 427 sudorum,
549 345 686 408 adiuncta
714 347 859 408 febricula
885 365 983 426 parra.
1020 347 1071 407 ali·

53 440 183 514 mantes
207 439 239 493 et
261 433 326 494 sitis
349 433 495 511 sequitur.
532 433 674 514 aliquanti
698 438 788 498 etiam
811 454 882 497 vcro
905 436 981 496 hanc
1004 453 1071 516 pas·

53 526 170 610 sionem
198 538 350 601 syncopen
378 521 613 605 appellavemnt,
640 525 670 586 id
698 533 744 586 est
772 527 1018 605 amputationem,
1046 526 1072 586 si

54 611 177 692 quidem
200 609 238 672 nb
257 608 375 671 ossibus
394 621 425 672 et
443 614 542 673 nervis
564 631 620 691 per
639 613 754 694 singula
772 612 907 675 membra
924 615 1072 693 patientes

52 700 243 780 occidantur,
278 716 346 760 cum
377 717 433 778 per
465 701 605 762 sudorem
637 703 826 764 mortiferum
861 705 988 763 animam
1021 701 1099 763 ob·⁵

55 791 200 851 miserint.

142 881 176 938 in
204 875 409 938 curationibus
437 897 508 939 vcro
537 878 636 939 oleum
663 878 806 940 melinum
836 888 887 940 aut
911 882 1073 958 myrtinum

54 978 105 1028 aut
133 966 327 1027 lentiscinum
354 983 424 1027 cnm
452 969 521 1027 rino
549 976 669 1029 austero
697 970 728 1028 in
756 967 831 1029 lanis
858 968 1012 1029 redactum
1043 975 1074 1028 et

55 1057 225 1137 appositum
253 1054 405 1115 stomacho
433 1063 464 1116 et
496 1056 679 1135 praecordiis
707 1064 737 1118 et
769 1055 910 1118 umbilico
943 1075 1072 1137 syncope

57 1142 262 1205 laborantibus
285 1142 414 1205 abstinet
437 1144 586 1206 sudorem.
1088 1158 1113 1198 ιο

144 1231 234 1294 aliud.
276 1235 308 1293 in
336 1231 507 1294 cubiculum
535 1235 613 1294 aeris
640 1232 712 1294 boni
740 1243 770 1295 et
796 1253 894 1313 neque
923 1235 994 1294 satis
1022 1251 1073 1313 op·

56 1340 194 1402 pressum
214 1339 313 1401 neque
327 1329 499 1383 aestuosum
517 1321 648 1382 ramulos
662 1322 771 1382 virides
790 1329 903 1402 myrtae
922 1329 953 1382 et
972 1329 1074 1383 cetera

57 1410 185 1472 similem
204 1411 345 1470 virtutem
368 1409 577 1489 redarguentia
595 1412 626 1470 in
650 1412 777 1472 circuitu
796 1412 921 1472 iacentis
939 1412 1074 1490 apposita

57 1499 190 1561 relevant
212 1507 409 1578 aegrotantes.

145 1587 234 1648 aliud.
272 1595 368 1667 myrta
386 1589 465 1649 sicca
484 1596 514 1649 et
536 1589 711 1649 tenuissime
731 1595 813 1648 creta
832 1597 862 1648 et
883 1587 1073 1667 singulariter
1088 1599 1114 1642 1⁵

57 1695 178 1757 aspersa
206 1683 257 1736 aut
284 1674 388 1755 pollini
414 1676 551 1756 polentae
579 1685 630 1739 aut
658 1684 757 1737 cretae
787 1676 916 1738 admixta
944 1695 1073 1758 syncope

59 1763 262 1827 laborantibus
286 1762 423 1825 abstInet.

146 1852 236 1914 aliud.
273 1851 390 1932 glebula
409 1851 503 1915 multa
525 1853 562 1914 de
585 1855 699 1932 pariete
723 1871 799 1932 aqua
822 1852 929 1932 frigida
952 1853 1074 1932 perlusa

57 1950 87 2004 et
109 1945 142 2004 in
166 1944 296 2003 circuitu
310 1943 444 2002 iacentis
467 1943 601 2022 apposita
624 1949 655 2002 et
676 1941 799 2002 naribus
823 1941 961 2002 odoratui
983 1942 1074 2022 appli-

58 2040 121 2095 cata
145 2030 272 2093 sudores
295 2028 425 2091 abstinet
448 2039 478 2091 et
501 2032 579 2091 vires
603 2031 784 2109 aegrotantis
808 2031 973 2091 confirmat
1088 2046 1114 2085 πο

145 2119 235 2181 aliud.
272 2118 392 2198 polenta
410 2136 479 2179 cum
497 2121 565 2180 vino
589 2120 752 2198 granaticio
770 2118 903 2179 resoluta
922 2127 953 2180 et
974 2126 1075 2199 potata

58 2218 109 2271 aut
135 2211 167 2271 in
191 2207 399 2287 cataplasmate
422 2205 553 2268 adhibita
580 2225 640 2268 non
664 2205 762 2268 ¹calida
789 2206 920 2268 abstinet
949 2207 1075 2269 sudores

57 2307 87 2359 ct
109 2300 190 2359 vires
213 2296 363 2377 depositas
390 2297 485 2376 erigit.

128 2438 144 2486 2
164 2433 195 2486 eb
213 2447 239 2486 c:
259 2431 347 2486 etiem
360 2448 391 2500 p.
474 2430 538 2486 sitis
557 2449 582 2488 c:
601 2415 670 2487 r‘m⁸
691 2433 726 2501 (t)
741 2448 771 2501 p.
860 2439 876 2486 3
896 2431 1030 2502 sincopen
1043 2449 1075 2502 p,

57 2510 200 2574 seicopem
223 2519 246 2557 c.
335 2508 353 2556 4
374 2501 533 2573 patientem
556 2503 666 2560 occidet
688 2520 710 2559 c.
802 2509 818 2558 5
842 2506 871 2558 et
892 2519 956 2557 cum
975 2504 1075 2559 sudore

57 2591 204 2649 mortifero
218 2607 250 2660 p.
349 2589 473 2646 animum
492 2591 619 2648 emiserit
637 2610 660 2660 c,
678 2574 826 2678 1111ἰῖ11ιῆ
845 2593 887 2661 (io
904 2607 991 2662 marc.
1012 2595 1021 2618 ²
1039 2591 1075 2647 ob

58 2707 92 2727 ε-
110 2680 236 2737 animem
260 2679 441 2749 obmisernnl)
460 2697 491 2750 p.
584 2682 766 2737 lmellinnm
785 2697 806 2736 c.
898 2681 998 2736 8illat
1013 2684 1017 2748 Ι
1033 2698 1075 2736 re·

56 2753 142 2808 ductii
160 2768 184 2820 c,
201 2752 232 2806 in
249 2751 322 2806 lauis
339 2751 487 2806 reductum
501 2769 531 2821 p.
614 2759 630 2807 9
648 2769 770 2823 syncope
789 2769 811 2813 c.¹
900 2759 933 2808 10
951 2753 1077 2808 abstinet

58 2840 84 2880 c:
102 2823 244 2892 retinetp
263 2825 321 2891 (pr.¹
333 2819 458 2889 στέλλει).
532 2829 565 2878 11
580 2825 610 2878 et
624 2840 648 2879 c:
668 2840 720 2880 om.
730 2840 761 2893 p.
835 2828 868 2877 12
885 2823 975 2880 viride
993 2823 1076 2878 mitte

58 2912 85 2950 c:
102 2895 187 2951 miris
204 2892 308 2948 virides
322 2911 354 2963 p.
432 2900 465 2949 13
485 2893 572 2949 simili
588 2893 675 2964 (-lia
693 2898 718 2964 c)
741 2895 845 2949 virtute
864 2910 905 2962 cp.
981 2895 1075 2950 redar-

58 2965 175 3037 ruentia
193 2981 220 3021 c:
240 2967 318 3020 -tes
331 2982 362 3034 p.
454 2971 489 3020 14
506 2966 614 3022 relevat
632 2982 654 3021 e.
747 2970 780 3020 15
799 2964 884 3020 mitta
897 2982 932 3035 p:
957 2965 1043 3021 smire
1061 2984 1076 3021 c

57 3037 189 3108 (μυρσίνη
206 3036 322 3105 Dicte).
397 3042 429 3090 16
447 3053 561 3106 aspersa
579 3037 625 3106 (cf.
639 3037 734 3093 Diosc.
757 3043 785 3106 1,
806 3041 856 3091 155
875 3037 974 3092 Aetius
990 3044 1020 3106 9,
1036 3040 1074 3105 1):

58 3125 159 3179 aspera
184 3125 225 3177 cp.
350 3107 465 3176 polenis
493 3111 543 3164 aut
569 3110 646 3164 corbe
673 3125 700 3177 c,
727 3107 844 3178 pulenbe
871 3109 922 3163 eut
950 3112 1027 3164 crete
1043 3125 1074 3178 p.

59 3181 166 3235 cretae:
186 3180 221 3248 cs.
242 3177 313 3235 caet.
332 3178 404 3234 Aer.
423 3195 467 3234 occ.
486 3184 520 3246 2,
539 3184 605 3236 200.
714 3180 827 3248 sincope
845 3194 896 3235 om.
915 3196 936 3235 c.
1043 3187 1075 3236 18

59 3250 174 3320 glennln
192 3269 228 3306 m.
249 3250 284 3305 dc
301 3255 405 3320 panos
423 3266 444 3305 c.
519 3251 728 3320 moderatae,
748 3251 859 3320 -tirp
932 3252 1077 3322 applicate

56 3327 99 3391 ρο,
117 3322 212 3378 -cito
225 3339 257 3392 p,
277 3322 367 3376 -eibe
385 3339 407 3377 c.
480 3327 515 3376 20
534 3321 658 3378 abstinet
676 3339 703 3378 cz
721 3320 861 3392 retinebp
878 3324 955 3390 (item
972 3340 997 3379 o.
1012 3327 1076 3388 22).

61 3393 201 3520 oculorium
214 3410 268 3520 p.t
318 3398 352 3447 21
372 3391 489 3462 pulenta
506 3393 576 3461 (bic)
596 3409 620 3451 e.
705 3392 857 3466 gemmetico
876 3411 910 3460 c„
923 3395 1050 3462 gemme
1063 3406 1099 3451 ’11-

62 3469 93 3517 22
111 3481 146 3520 en
176 3465 254 3519 inse
285 3481 326 3535 cp.
