2318 3788
464 131 714 226 --33-ι

56 297 138 359 quae
163 286 265 339 autem
288 295 358 338 cum
380 279 464 338 nasci
487 278 641 356 coeperint
663 277 710 337 his
733 277 826 355 signis
849 287 1083 354 cognoscuntur.

54 371 89 429 in
117 369 226 447 primis
257 365 375 427 dolores
398 367 532 426 sentiunt
560 373 747 444 aegrotantes
770 383 840 426 cum
865 364 1082 448 obripilationo,

57 461 179 535 etpost
199 455 312 534 aliquot
331 454 395 515 dies
414 454 506 515 veluti
523 453 656 514 lentores
675 453 800 514 anomali
819 457 929 515 iterum
948 453 1082 516 efficiun-

56 553 109 605 tur
133 562 205 605 cum
227 543 330 604 dolore
351 551 381 603 ot
398 542 616 623 obripilatione.
654 550 771 604 etcum
796 544 951 621 coeperint
968 545 1083 603 saniem

56 635 191 712 nutrire,
224 634 317 693 etiam
348 631 448 692 febres
480 631 666 692 inordinatae
693 640 837 693 secuntur
865 649 934 691 cum
964 631 1110 692 fastidio-s

58 720 206 782 ciborum.
249 729 374 782 etcum
397 737 487 799 supra
510 727 645 781 ventrem
675 722 822 781 iacueriut
845 719 1013 780 laborantes
1036 719 1082 780 vel

58 812 89 870 in
117 811 250 871 alterum
277 828 309 869 se
339 811 485 869 verterint
512 808 590 869 latus
617 809 647 869 id
676 816 722 868 est
749 827 854 870 sanum
884 809 963 886 quod
992 810 1084 869 fuerit

59 901 187 978 patienti
214 898 302 959 lateri
330 899 528 978 contrarium,
560 897 652 957 veluti
683 897 873 977 gravedinem
903 897 1083 975 pendentem

60 989 91 1046 in
113 985 313 1048 interioribus
337 989 484 1060 sentiunt,
508 993 538 1046 ct
561 985 718 1064 aliquando
742 989 836 1065 ipsius
859 985 917 1046 loci
935 983 1083 1066 'patieutis

59 1077 200 1137 exaltatio
228 1075 367 1136 eflicitur.
412 1083 484 1135 tunc
508 1092 577 1135 curn
605 1077 695 1135 nimie
724 1077 874 1135 creverint
901 1084 1081 1153 apostemata
1097 1094 1125 1132 ro

60 1166 290 1245 eruptionisque
319 1164 623 1243 appropinquaverint
649 1163 730 1246 dics,
758 1166 886 1224 vomitus
916 1163 992 1224 fellis
1016 1165 1083 1224 flavi

60 1255 202 1316 efficitur.
240 1252 396 1330 aliquando
420 1255 451 1312 in
471 1251 695 1312 similitudinem
718 1250 827 1312 coloris
851 1252 991 1312 foliorum
1014 1255 1082 1312 viri·

60 1343 143 1404 dium
166 1341 253 1421 porri
270 1341 421 1402 choleram
440 1347 563 1400 vomunt
586 1358 675 1418 quam
698 1340 856 1419 prasoideu
876 1347 990 1422 vocant,
1014 1357 1083 1400 cum

61 1432 177 1510 ingenti
200 1431 291 1490 animi
313 1429 433 1490 defectu
457 1447 546 1508 quem
568 1428 761 1509 lipothpmian
785 1436 904 1509 vocant,
933 1447 1002 1489 cum
1026 1429 1083 1490 levi

61 1519 174 1582 sudore
202 1521 234 1578 in
262 1520 357 1597 capite
384 1525 415 1579 et
442 1520 522 1578 circa
550 1519 721 1596 superiores
749 1527 849 1597 partes
877 1517 1014 1578 thoracis.
1052 1527 1083 1578 et
1098 1537 1128 1575 io

60 1612 87 1670 si
109 1625 243 1690 sursum,
257 1616 308 1667 aut
330 1609 362 1667 in
384 1606 486 1666 lateris
509 1624 624 1666 summa
646 1609 769 1686 regione
796 1609 952 1686 eruperint
975 1615 1005 1667 et
1029 1625 1083 1686 per

60 1699 208 1758 vomitum
226 1694 432 1774 depurgantur
448 1703 477 1755 et
495 1703 563 1773 post
577 1698 748 1774 ruptionem
768 1698 794 1756 si
813 1696 946 1756 febribus
961 1697 1083 1756 minime

61 1787 217 1846 caruerint
240 1792 440 1862 aegrotantes,
463 1791 591 1844 mortem
614 1784 745 1844 futuram
764 1784 932 1865 denuntiat,
956 1786 1083 1844 maxime

61 1876 88 1935 si
115 1871 229 1953 grande
257 1873 348 1933 fuerit
375 1879 534 1952 apostema.
577 1874 603 1932 si
630 1891 700 1933 vero
728 1875 760 1933 iu
788 1871 911 1933 renibus
940 1875 1083 1952 eruperit,

60 1964 151 2024 urina
172 1960 335 2042 purulenta
363 1963 423 2021 sive
448 1963 564 2021 sanioso
593 1960 761 2021 excluditur
785 1969 814 2022 et
837 1959 981 2022 tdceratio
1004 1963 1082 2039 peri·
1098 1980 1125 2019 so

60 2051 165 2112 culosa
193 2051 225 2109 in
256 2049 380 2110 renibus
408 2049 599 2129 significatur.
644 2051 669 2109 si
692 2067 762 2109 vero
785 2051 817 2108 in
840 2050 976 2109 inferiori
999 2056 1083 2127 parte

136 2191 152 2240 1
172 2187 270 2240 autem
287 2201 333 2254 pc:
352 2200 403 2240 om.
418 2201 448 2253 p.
560 2189 576 2238 2
596 2185 669 2253 (item
686 2187 714 2255 4)
734 2183 913 2254 oripilatione
927 2202 958 2253 p.
1067 2191 1083 2238 3

61 2256 155 2312 veluti
178 2255 300 2310 leniores
322 2272 366 2310 cn.
390 2271 437 2324 99,
459 2255 580 2309 leniores
603 2256 693 2310 veluti
716 2273 798 2325 amp
823 2257 883 2325 (qui
905 2255 1025 2310 leniores
1043 2257 1084 2309 oi·

61 2330 164 2383 tiorum
187 2343 242 2382 esee
264 2328 361 2393 sensit,
385 2329 449 2393 fort.
469 2343 523 2394 pro
546 2327 678 2382 lautores.
729 2329 764 2394 cf.
789 2327 861 2382 0991.
885 2329 940 2382 chr.
969 2332 1000 2393 5,
1028 2329 1084 2395 94).

61 2406 79 2454 4
99 2398 228 2468 ceperint
245 2414 276 2467 p:
296 2396 369 2451 -rit
387 2413 429 2466 cp.
452 2465 454 2470 Ι
533 2402 549 2450 ὅ
569 2401 700 2453 secuntur
719 2399 796 2466 (secu
813 2400 853 2452 sic
872 2402 896 2466 9)
915 2415 975 2466 pop.
1053 2400 1083 2453 '8

60 2471 234 2540 pendentem
252 2485 278 2538 9,
296 2467 508 2538 pendenti[bus]
527 2483 554 2522 c:
573 2469 691 2537 prediti
706 2487 736 2539 p.
829 2475 861 2523 10
881 2469 1017 2523 exaltatio
1036 2486 1082 2537 cp:

61 2542 187 2614 sublatio
207 2558 238 2625 (i.
262 2575 283 2611 e.
307 2556 450 2611 exhalatio
468 2560 511 2624 9⁰)
528 2572 553 2624 9.
675 2557 814 2613 creverint
837 2559 1016 2626 apostemata
1038 2574 1083 2626 pc:

61 2629 185 2686 creverit
203 2630 349 2710 apostema
362 2645 393 2696 p.
495 2632 527 2679 11
547 2645 601 2696 que
615 2646 651 2698 p:
676 2645 726 2684 om.
745 2646 779 2698 99
797 2628 963 2698 (eruptionis
982 2645 1083 2698 appro-

60 2701 265 2771 pinquavennt
281 2716 311 2768 9,
336 2697 490 2766 eruptionis
510 2701 528 2764 q
547 2699 795 2769 appropinquare?
810 2717 846 2769 p,
866 2717 903 2754 er.
926 2700 1085 2769 propinqua

61 2769 315 2842 propinquaverint
331 2771 373 2824 sio
390 2773 424 2837 9).
521 2773 553 2822 12
573 2771 693 2825 efficitur
710 2788 755 2840 pc:
774 2771 932 2826 efficiuntur
946 2788 976 2838 p.
1052 2776 1083 2824 13

61 2843 157 2899 colare
174 2859 201 2910 9,
221 2841 326 2896 collem
343 2857 366 2908 9,
386 2840 508 2894 coleram
524 2858 553 2908 9.
653 2843 728 2910 quod
746 2859 776 2911 9,
796 2860 865 2910 quos
884 2859 906 2910 9,
925 2847 944 2910 q
963 2843 1038 2910 (que)
1053 2859 1083 2910 p.

62 2912 216 2983 prasohide
235 2929 262 2982 9,
279 2911 442 2981 parochidio
461 2928 484 2978 9,
503 2911 611 2983 pfforda
625 2929 655 2982 p.
730 2912 766 2966 14'
783 2930 866 2982 quem
884 2929 913 2981 p:
939 2930 1024 2980 qnam
1043 2929 1084 2980 cp.

61 2984 232 3055 lipotomien
250 2999 275 3052 9,
294 2982 482 3052 liupothomrt
500 3000 522 3051 9,
541 2984 693 3052 lipotumm
706 3001 736 3054 p.
841 2985 897 3038 levi
915 3000 962 3052 po:
981 2983 1039 3037 leni
1053 3001 1084 3052 p.

64 3062 98 3110 15
116 3055 222 3111 torosis
239 3071 299 3124 pop.
389 3059 422 3108 16
441 3055 471 3108 in
489 3053 507 3109 l.
527 3071 577 3109 sua
594 3055 707 3125 regione
729 3055 838 3126 ruperit
857 3056 917 3123 (sic)
936 3071 977 3123 99,
995 3053 1025 3108 in
1043 3054 1083 3109 la-

62 3127 131 3182 teris
151 3133 233 3180 sums
250 3124 394 3194 regionem
413 3125 556 3195 eruperint
569 3143 600 3196 p.
687 3128 728 3181 et:
748 3130 797 3181 eut
811 3143 842 3194 p,
861 3142 904 3180 om
922 3142 961 3194 99.
1048 3125 1082 3180 '17

62 3199 257 3267 depurgentur
275 3212 320 3264 99,
339 3195 521 3266 purgaverint
536 3215 566 3266 p.
640 3198 664 3252 si
682 3215 711 3268 p:
731 3215 780 3254 orn.
801 3213 841 3266 cp.
928 3197 1014 3251 febris
1033 3197 1085 3250 mi-

62 3269 141 3324 nima
161 3285 184 3324 c.
205 3284 227 3336 9,
245 3267 337 3322 febres
355 3283 411 3322 non
430 3268 588 3324 dimiserint
600 3286 631 3338 p.
707 3275 740 3323 18
760 3270 920 3342 ggrotantes
938 3285 983 3337 pc:
1005 3285 1084 3337 egro-

62 3340 193 3395 tantibus
207 3355 238 3407 p.
326 3339 485 3394 denuntiat:
505 3341 591 3394 —ant
608 3358 667 3410 pop.
742 3347 774 3395 19
794 3341 899 3410 grando
917 3357 952 3406 p:
971 3338 1090 3406 grandis

60 3429 120 3482 po.⁴
179 3409 524 3484 21inferiori(ste)pop.

114 3507 334 3549 GessiusFefix
361 3511 397 3554 od.
414 3513 442 3554 V.
457 3514 532 3562 Rose.
943 3500 966 3544 ‘³‘
