2318 3788
387 169 629 234 -135-

35 323 159 376 rsterem
182 315 363 375 retinuerint
385 322 586 396 aegrotantes,
616 315 704 376 simul
727 324 757 378 et
780 317 893 377 ventris
916 317 1014 378 officio

35 413 119 486 gato,
147 409 268 483 oportet
296 421 332 463 ex
359 403 489 465 folliculo
518 406 625 465 aerarii
648 423 750 465 curam
778 404 931 485 adbibere,
954 425 1014 485 quo

36 495 93 554 ssit
111 510 204 572 supra
223 499 385 552 memorata
403 495 614 554 intestinorum
633 494 775 556 verticula
790 496 851 554 sive
870 493 1014 555 involutio

35 589 121 662 cepto
139 588 229 642 vento
249 581 395 659 replicari.
432 589 462 642 et
480 581 513 642 fit
537 581 594 642 boo
613 581 709 642 modo.
746 585 886 644 intestina
903 582 1015 644 bubula

35 689 139 731 ensura
163 668 256 730 cubiti
279 672 370 731 unius
393 669 497 730 tubulo
526 670 648 731 folliculi
673 671 830 750 diligenter
853 679 953 752 sparto
977 671 1041 732 abo

35 777 55 820 ta
78 767 165 839 parte
188 757 302 837 ligabis.
342 757 478 818 similiter
500 761 610 820 iterum
634 759 755 820 alteram
778 767 895 840 partem
919 763 1014 840 ipsius

35 850 131 909 tostini
150 865 238 908 osseo
253 846 544 926 aulisco-colligabis,
563 856 594 909 et
612 850 718 927 supino
737 848 886 910 schemate
905 851 1015 910 iacenti

35 945 118 1016 grato
141 938 261 1016 inicies,
285 935 439 1015 subposito
462 939 547 1016 prius
565 936 704 997 clunibus
732 936 883 1018 cervicali,
907 946 938 998 et
959 956 1015 1018 per

35 1025 134 1086 dicem
162 1026 321 1086 eremizato
349 1024 418 1084 iolle
446 1032 652 1104 competenter
674 1033 795 1087 ventum
824 1025 940 1086 inflabis
968 1025 1014 1087 rel

37 1131 84 1174 am
104 1115 156 1174 diu
175 1112 233 1174 sibi
252 1116 368 1192 patiens
386 1120 508 1173 rentum
523 1132 618 1192 usque
637 1114 673 1173 ad
692 1114 878 1175 stomachum
897 1117 1013 1176 sentiat.
1028 1129 1054 1168 10

35 1221 67 1264 uc
86 1202 233 1263 auliscum
257 1201 396 1263 detrahes
416 1210 446 1263 et
465 1204 587 1281 spongia
606 1202 699 1263 calida
717 1221 858 1283 expressa
876 1203 1013 1282 podicem

35 1291 156 1365 trudes,
192 1299 223 1351 et
254 1309 323 1351 cum
356 1292 446 1351 nimie
475 1291 613 1351 assellare
641 1290 854 1351 desideraverit
886 1292 1012 1351 auteres.

35 1404 38 1436 t
68 1382 150 1440 enim
177 1381 288 1459 poterit
315 1382 412 1440 omnis
441 1387 609 1440 stercorum
636 1387 768 1439 vetustas
796 1381 941 1440 correctis
968 1381 1012 1440 iu·

35 1471 115 1529 ttinis
138 1470 229 1528 nimia
251 1469 429 1528 ventositate
453 1467 579 1531 excludi.
622 1467 730 1528 debinc
753 1469 851 1529 ventri
874 1475 905 1528 et
926 1482 1012 1547 prae·

35 1557 106 1618 rdiis
125 1575 163 1616 ex
182 1556 275 1616 calida
293 1565 324 1617 et
343 1556 408 1616 oleo
428 1556 588 1616 sufficienti
605 1563 756 1636 ptygmata
774 1555 866 1618 dabis,
899 1558 925 1618 si
941 1575 1012 1618 vero
1027 1569 1053 1612 15

35 1648 84 1707 nia
118 1647 237 1706 siccitas
269 1646 404 1724 corporis
437 1645 540 1725 fuerit,
577 1647 666 1705 etiam
698 1663 735 1706 ex
767 1645 861 1707 calida
888 1653 918 1707 et
946 1646 1011 1706 oleo

35 1736 159 1814 nicupio
184 1734 327 1813 depositis
351 1731 493 1793 embasim
517 1732 679 1795 adhibebis.

163 1892 223 1953 Lll.
260 1893 308 1953 td
331 1892 523 1972 podagram
547 1900 581 1952 et
604 1891 841 1953 arthritieam.

82 2016 138 2078 Est
157 2024 256 2077 autem
275 2016 405 2096 podagra
424 2017 555 2076 causatio
573 2015 683 2095 pedum
703 2034 862 2076 nervorum
881 2018 1011 2095 partium

36 2109 181 2187 imarum,
210 2123 246 2165 ex
272 2122 329 2183 qua
353 2106 499 2183 contingit
527 2103 708 2183 patientibus
731 2122 853 2183 gressus
876 2107 1052 2184 corporisne

35 2194 140 2276 pediri.
179 2195 316 2272 sequitur
339 2201 438 2254 autem
461 2191 630 2253 laborantes
652 2194 684 2252 iu
706 2195 771 2272 ipso
795 2194 879 2254 initio
904 2210 1010 2254 sensus

63 2345 227 2403 asellicum
246 2362 287 2415 ep.
396 2344 498 2400 aerarii
524 2347 570 2415 (ef.
591 2345 663 2402 caet.
683 2361 726 2401 oe.
746 2351 776 2412 3,
797 2348 873 2416 154):
897 2345 1010 2415 erario,

35 2436 79 2492 ori
93 2441 129 2505 1⁰⁶
149 2435 210 2504 (ubi
227 2436 257 2488 to
276 2450 310 2488 ecc
328 2436 417 2503 coro).
504 2434 735 2489 tintestinorum
748 2451 784 2504 p:
803 2449 853 2488 om.
873 2450 895 2490 e.
968 2433 1011 2487 in-

35 2507 338 2574 ιι]166(“)6(-6ἱοῑι6)6.
433 2505 574 2559 ⁴tbubule
588 2522 618 2574 p.
705 2505 855 2560 btubulo:
873 2506 906 2558 in
923 2521 1010 2575 marp.

39 2579 60 2633 i.
76 2576 262 2633 exsuflaborio.
335 2575 502 2645 fulcoaldo,
521 2575 641 2630 felliculi
657 2593 688 2645 p.
761 2578 871 2644 sparto:
886 2577 968 2644 spato
978 2592 1011 2644 p,

35 2649 84 2705 iiio
99 2665 122 2703 c.
187 2650 293 2717 oporte
308 2663 395 2715 emp.
458 2646 561 2717 ligabis
571 2663 597 2701 c:
612 2647 746 2717 religabis
753 2664 784 2715 p.
849 2645 1010 2715 lligabisc.

35 2723 132 2776 entem
150 2721 280 2789 egrotum
299 2735 340 2787 cp.
427 2723 444 2772 8
462 2718 513 2772 sub
531 2717 624 2787 posito
642 2733 684 2787 cp.
771 2723 786 2771 9
806 2716 937 2786 ermigato
956 2723 1011 2785 cp0,

35 2792 137 2846 minato
152 2807 183 2860 p.
269 2789 336 2844 felle
355 2804 382 2857 c,
400 2788 496 2843 follem
510 2806 542 2857 p.
624 2791 709 2844 vento
732 2804 773 2857 cp.
858 2792 892 2843 10
910 2786 965 2842 sibi
983 2804 1010 2842 c:

35 2880 122 2987 ileum
145 2858 1010 3013 tetdttttibnll?0tdtnuuttdzt¹²¹¹⁶¹²⁸1t

35 3005 119 3058 ¹nium
139 3019 181 3072 cp.
272 3005 406 3057 vetustius
424 3017 549 3070 congere
568 3001 701 3057 correctis
720 3002 779 3070 (cie)
799 3017 821 3056 c.
914 3005 949 3055 14
967 3001 1010 3056 et:

37 3092 69 3144 p.
164 3079 196 3128 15
216 3071 395 3142 (sufficientia
411 3071 427 3144 l)
446 3073 551 3142 tiginla
568 3089 591 3141 e,
610 3073 752 3144 piigmato
766 3088 796 3141 p.
871 3077 904 3126 16
925 3071 1012 3127 fuerit

35 3144 117 3216 poris
131 3161 161 3213 p.
249 3143 336 3199 etiam
353 3141 384 3197 in
403 3143 494 3198 calida
512 3146 543 3199 61
560 3143 622 3198 6166
637 3160 676 3213 p,
694 3146 724 3199 et
741 3142 834 3198 calida
852 3159 886 3197 ex
905 3142 967 3198 oleo
987 3159 1009 3199 c.

44 3215 200 3285 semicapio
215 3231 237 3284 e,
257 3222 425 3284 soieup1op.
499 3214 643 3284 depositos
657 3231 697 3284 cp,
770 3213 850 3268 &basi
867 3229 902 3283 p:
921 3230 971 3270 om.
987 3231 1009 3270 e.

43 3288 89 3342 Ad
113 3287 267 3356 podegram
285 3288 315 3340 61
332 3284 481 3341 arleticem
500 3303 526 3354 c,
545 3287 586 3340 De
604 3286 718 3356 podoga
735 3284 812 3359 poda
825 3301 899 3355 pass.
914 3303 937 3355 p
956 3286 1012 3355 (Ad

35 3362 63 3414 61
76 3357 210 3413 arietinos
219 3358 278 3412 ind.
288 3359 330 3427 p).
405 3361 439 3412 te
449 3357 553 3426 pedum
566 3372 701 3413 neuorum
716 3374 738 3427 e,
752 3345 827 3428 ped(.
840 3401 847 3414 .
858 3401 864 3414 .
874 3357 1014 3425 callorum

35 3430 75 3496 cf.
96 3428 159 3483 Gal.
181 3429 282 3498 XIII,
301 3431 378 3498 332).
