<?xml version="1.0" encoding="UTF-8"?>
<!DOCTYPE html PUBLIC "-//W3C//DTD XHTML 1.0 Transitional//EN"
    "http://www.w3.org/TR/xhtml1/DTD/xhtml1-transitional.dtd">
<html xmlns="http://www.w3.org/1999/xhtml" xml:lang="en" lang="en">
 <head>
  <title>
</title>
<meta http-equiv="Content-Type" content="text/html;charset=utf-8" />
  <meta name='ocr-system' content='tesseract 3.04.00' />
  <meta name='ocr-capabilities' content='ocr_page ocr_carea ocr_par ocr_line ocrx_word'/>
</head>
<body>
  <div class='ocr_page' id='page_1' title='image "./cassiifelicisde01feligoog_0035.png"; bbox 0 0 2318 3788; ppageno 0'>
   <div class='ocr_carea' id='block_1_1' title="bbox 53 166 781 390">
    <p class='ocr_par' dir='ltr' id='par_1_1' title="bbox 53 166 781 390">
     <span class='ocr_line' id='line_1_1' title="bbox 498 166 718 230; baseline 0.005 -20"><span class='ocrx_word' id='word_1_1' title='bbox 498 201 540 210; x_wconf 93' lang='lat'><strong>..</strong></span> <span class='ocrx_word' id='word_1_2' title='bbox 589 166 630 230; x_wconf 77' lang='lat'><strong>18</strong></span> <span class='ocrx_word' id='word_1_3' title='bbox 680 201 718 211; x_wconf 89' lang='lat'><strong>..</strong></span> 
     </span>
     <span class='ocr_line' id='line_1_2' title="bbox 53 309 781 390; baseline 0.004 -26"><span class='ocrx_word' id='word_1_4' title='bbox 53 323 87 364; x_wconf 86' lang='lat' dir='ltr'><strong>no</strong></span> <span class='ocrx_word' id='word_1_5' title='bbox 436 309 472 370; x_wconf 90' lang='lat' dir='ltr'><strong>ll.</strong></span> <span class='ocrx_word' id='word_1_6' title='bbox 508 310 556 370; x_wconf 80' lang='lat' dir='ltr'><strong>lid</strong></span> <span class='ocrx_word' id='word_1_7' title='bbox 578 311 781 390; x_wconf 85' lang='lat' dir='ltr'><strong>perniones.</strong></span> 
     </span>
    </p>
   </div>
   <div class='ocr_carea' id='block_1_2' title="bbox 52 429 1131 1990">
    <p class='ocr_par' dir='ltr' id='par_1_2' title="bbox 99 429 1112 689">
     <span class='ocr_line' id='line_1_3' title="bbox 189 429 1110 514; baseline -0.012 -21"><span class='ocrx_word' id='word_1_8' title='bbox 189 432 287 495; x_wconf 88' lang='lat' dir='ltr'><strong>Latini</strong></span> <span class='ocrx_word' id='word_1_9' title='bbox 309 435 470 514; x_wconf 88' lang='lat' dir='ltr'><strong>perniones</strong></span> <span class='ocrx_word' id='word_1_10' title='bbox 493 452 510 494; x_wconf 88' lang='lat' dir='ltr'><strong>a</strong></span> <span class='ocrx_word' id='word_1_11' title='bbox 531 435 664 514; x_wconf 81' lang='lat' dir='ltr'><strong>pernicie</strong></span> <span class='ocrx_word' id='word_1_12' title='bbox 690 431 870 512; x_wconf 87' lang='lat' dir='ltr'><strong>patientium</strong></span> <span class='ocrx_word' id='word_1_13' title='bbox 893 429 1032 490; x_wconf 91' lang='lat' dir='ltr'><strong>locorum</strong></span> <span class='ocrx_word' id='word_1_14' title='bbox 1053 438 1110 504; x_wconf 89' lang='lat' dir='ltr'><strong>par·</strong></span> 
     </span>
     <span class='ocr_line' id='line_1_4' title="bbox 99 508 1112 602; baseline -0.012 -20"><span class='ocrx_word' id='word_1_15' title='bbox 99 524 174 582; x_wconf 90' lang='lat' dir='ltr'><strong>tium</strong></span> <span class='ocrx_word' id='word_1_16' title='bbox 206 540 316 582; x_wconf 89' lang='lat' dir='ltr'><strong>nomen</strong></span> <span class='ocrx_word' id='word_1_17' title='bbox 348 524 498 602; x_wconf 87' lang='lat' dir='ltr'><strong>accepisse</strong></span> <span class='ocrx_word' id='word_1_18' title='bbox 536 521 683 582; x_wconf 83' lang='lat' dir='ltr'><strong>dixerunt.</strong></span> <span class='ocrx_word' id='word_1_19' title='bbox 734 519 840 580; x_wconf 88' lang='lat' dir='ltr'><strong>Graeci</strong></span> <span class='ocrx_word' id='word_1_20' title='bbox 874 535 948 578; x_wconf 88' lang='lat' dir='ltr'><strong>vero</strong></span> <span class='ocrx_word' id='word_1_21' title='bbox 982 508 1112 576; x_wconf 90' lang='lat' dir='ltr'><strong>chimetla</strong></span> 
     </span>
     <span class='ocr_line' id='line_1_5' title="bbox 99 599 1112 689; baseline -0.01 -18"><span class='ocrx_word' id='word_1_22' title='bbox 99 609 204 671; x_wconf 91' lang='lat' dir='ltr'><strong>dicunt</strong></span> <span class='ocrx_word' id='word_1_23' title='bbox 226 609 263 670; x_wconf 90' lang='lat' dir='ltr'><strong>ab</strong></span> <span class='ocrx_word' id='word_1_24' title='bbox 287 609 394 670; x_wconf 90' lang='lat' dir='ltr'><strong>hiemis</strong></span> <span class='ocrx_word' id='word_1_25' title='bbox 416 617 551 689; x_wconf 90' lang='lat' dir='ltr'><strong>tempore</strong></span> <span class='ocrx_word' id='word_1_26' title='bbox 575 608 654 688; x_wconf 88' lang='lat' dir='ltr'><strong>quod</strong></span> <span class='ocrx_word' id='word_1_27' title='bbox 674 607 810 670; x_wconf 86' lang='lat' dir='ltr'><strong>chimona</strong></span> <span class='ocrx_word' id='word_1_28' title='bbox 829 613 948 686; x_wconf 84' lang='lat' dir='ltr'><strong>vocant,</strong></span> <span class='ocrx_word' id='word_1_29' title='bbox 972 599 1112 682; x_wconf 86' lang='lat' dir='ltr'><strong>siquidem</strong></span> 
     </span>
    </p>

    <p class='ocr_par' dir='ltr' id='par_1_3' title="bbox 71 698 1114 954">
     <span class='ocr_line' id='line_1_6' title="bbox 71 698 1112 778; baseline -0.008 -20"><span class='ocrx_word' id='word_1_30' title='bbox 71 699 164 777; x_wconf 65' lang='lat' dir='ltr'><strong>eipso</strong></span> <span class='ocrx_word' id='word_1_31' title='bbox 187 699 377 777; x_wconf 87' lang='lat' dir='ltr'><strong>intempore</strong></span> <span class='ocrx_word' id='word_1_32' title='bbox 400 716 490 778; x_wconf 91' lang='lat' dir='ltr'><strong>supra</strong></span> <span class='ocrx_word' id='word_1_33' title='bbox 514 698 592 759; x_wconf 88' lang='lat' dir='ltr'><strong>dicta</strong></span> <span class='ocrx_word' id='word_1_34' title='bbox 613 699 712 776; x_wconf 82' lang='lat' dir='ltr'><strong>passio</strong></span> <span class='ocrx_word' id='word_1_35' title='bbox 735 703 890 775; x_wconf 89' lang='lat' dir='ltr'><strong>nascatur,</strong></span> <span class='ocrx_word' id='word_1_36' title='bbox 922 710 995 754; x_wconf 91' lang='lat' dir='ltr'><strong>cum</strong></span> <span class='ocrx_word' id='word_1_37' title='bbox 1018 700 1112 761; x_wconf 75' lang='lat' dir='ltr'><strong>tenera</strong></span> 
     </span>
     <span class='ocr_line' id='line_1_7' title="bbox 97 781 1114 865; baseline -0.008 -20"><span class='ocrx_word' id='word_1_38' title='bbox 97 803 225 865; x_wconf 92' lang='lat' dir='ltr'><strong>corpora</strong></span> <span class='ocrx_word' id='word_1_39' title='bbox 252 785 367 864; x_wconf 81' lang='lat' dir='ltr'><strong>glaciali</strong></span> <span class='ocrx_word' id='word_1_40' title='bbox 394 786 504 865; x_wconf 80' lang='lat' dir='ltr'>frigore</span> <span class='ocrx_word' id='word_1_41' title='bbox 528 785 640 846; x_wconf 85' lang='lat' dir='ltr'><strong>luerint</strong></span> <span class='ocrx_word' id='word_1_42' title='bbox 662 784 775 845; x_wconf 91' lang='lat' dir='ltr'><strong>adusta.</strong></span> <span class='ocrx_word' id='word_1_43' title='bbox 808 785 948 861; x_wconf 89' lang='lat' dir='ltr'><strong>sequitur</strong></span> <span class='ocrx_word' id='word_1_44' title='bbox 972 781 1114 861; x_wconf 84' lang='lat' dir='ltr'><strong>patientes</strong></span> 
     </span>
     <span class='ocr_line' id='line_1_8' title="bbox 97 870 980 954; baseline -0.003 -21"><span class='ocrx_word' id='word_1_45' title='bbox 97 875 178 933; x_wconf 87' lang='lat' dir='ltr'><strong>circa</strong></span> <span class='ocrx_word' id='word_1_46' title='bbox 196 872 391 935; x_wconf 90' lang='lat' dir='ltr'><strong>articulorum</strong></span> <span class='ocrx_word' id='word_1_47' title='bbox 413 873 478 934; x_wconf 94' lang='lat' dir='ltr'><strong>loca</strong></span> <span class='ocrx_word' id='word_1_48' title='bbox 499 874 634 954; x_wconf 91' lang='lat' dir='ltr'><strong>pruritus</strong></span> <span class='ocrx_word' id='word_1_49' title='bbox 657 872 778 951; x_wconf 87' lang='lat' dir='ltr'><strong>quidam</strong></span> <span class='ocrx_word' id='word_1_50' title='bbox 801 879 832 932; x_wconf 91' lang='lat' dir='ltr'><strong>et</strong></span> <span class='ocrx_word' id='word_1_51' title='bbox 854 870 980 931; x_wconf 90' lang='lat' dir='ltr'><strong>inflatio.</strong></span> 
     </span>
    </p>

    <p class='ocr_par' dir='ltr' id='par_1_4' title="bbox 95 961 1115 1127">
     <span class='ocr_line' id='line_1_9' title="bbox 187 961 1115 1041; baseline -0.01 -20"><span class='ocrx_word' id='word_1_52' title='bbox 187 969 306 1040; x_wconf 84' lang='lat' dir='ltr'><strong>oportet</strong></span> <span class='ocrx_word' id='word_1_53' title='bbox 330 962 448 1041; x_wconf 92' lang='lat' dir='ltr'><strong>inipso</strong></span> <span class='ocrx_word' id='word_1_54' title='bbox 472 964 557 1022; x_wconf 91' lang='lat' dir='ltr'><strong>initio</strong></span> <span class='ocrx_word' id='word_1_55' title='bbox 580 980 617 1021; x_wconf 83' lang='lat' dir='ltr'><strong>ex</strong></span> <span class='ocrx_word' id='word_1_56' title='bbox 639 961 813 1021; x_wconf 83' lang='lat' dir='ltr'><strong>decoctione</strong></span> <span class='ocrx_word' id='word_1_57' title='bbox 837 967 925 1020; x_wconf 91' lang='lat' dir='ltr'><strong>rutae</strong></span> <span class='ocrx_word' id='word_1_58' title='bbox 950 967 982 1019; x_wconf 93' lang='lat' dir='ltr'><strong>et</strong></span> <span class='ocrx_word' id='word_1_59' title='bbox 1005 963 1115 1018; x_wconf 88' lang='lat' dir='ltr'><strong>murtae</strong></span> 
     </span>
     <span class='ocr_line' id='line_1_10' title="bbox 95 1046 1115 1127; baseline -0.008 -18"><span class='ocrx_word' id='word_1_60' title='bbox 95 1049 227 1110; x_wconf 81' lang='lat' dir='ltr'><strong>admixto</strong></span> <span class='ocrx_word' id='word_1_61' title='bbox 254 1049 371 1110; x_wconf 94' lang='lat' dir='ltr'><strong>modico</strong></span> <span class='ocrx_word' id='word_1_62' title='bbox 395 1058 478 1110; x_wconf 92' lang='lat' dir='ltr'><strong>aceto</strong></span> <span class='ocrx_word' id='word_1_63' title='bbox 502 1058 532 1110; x_wconf 89' lang='lat' dir='ltr'><strong>et</strong></span> <span class='ocrx_word' id='word_1_64' title='bbox 555 1049 614 1109; x_wconf 92' lang='lat' dir='ltr'><strong>sale</strong></span> <span class='ocrx_word' id='word_1_65' title='bbox 642 1049 707 1108; x_wconf 92' lang='lat' dir='ltr'><strong>loca</strong></span> <span class='ocrx_word' id='word_1_66' title='bbox 735 1065 811 1127; x_wconf 87' lang='lat' dir='ltr'><strong>quae</strong></span> <span class='ocrx_word' id='word_1_67' title='bbox 834 1049 998 1126; x_wconf 91' lang='lat' dir='ltr'><strong>patiuntur</strong></span> <span class='ocrx_word' id='word_1_68' title='bbox 1021 1046 1115 1106; x_wconf 84' lang='lat' dir='ltr'><strong>lovere</strong></span> 
     </span>
    </p>

    <p class='ocr_par' dir='ltr' id='par_1_5' title="bbox 52 1133 1131 1990">
     <span class='ocr_line' id='line_1_11' title="bbox 54 1133 1116 1216; baseline -0.003 -24"><span class='ocrx_word' id='word_1_69' title='bbox 54 1155 81 1194; x_wconf 81' lang='grc' dir='ltr'><strong>ιο</strong></span> <span class='ocrx_word' id='word_1_70' title='bbox 96 1145 127 1197; x_wconf 87' lang='lat' dir='ltr'><strong>et</strong></span> <span class='ocrx_word' id='word_1_71' title='bbox 154 1136 313 1216; x_wconf 79' lang='lat' dir='ltr'><strong>diligenter</strong></span> <span class='ocrx_word' id='word_1_72' title='bbox 340 1136 505 1216; x_wconf 83' lang='lat' dir='ltr'><strong>detergere.</strong></span> <span class='ocrx_word' id='word_1_73' title='bbox 547 1144 619 1197; x_wconf 90' lang='lat' dir='ltr'><strong>tunc</strong></span> <span class='ocrx_word' id='word_1_74' title='bbox 647 1136 765 1196; x_wconf 91' lang='lat' dir='ltr'><strong>alumen</strong></span> <span class='ocrx_word' id='word_1_75' title='bbox 792 1134 924 1214; x_wconf 85' lang='lat' dir='ltr'><strong>liparnm</strong></span> <span class='ocrx_word' id='word_1_76' title='bbox 954 1153 1027 1195; x_wconf 91' lang='lat' dir='ltr'><strong>cum</strong></span> <span class='ocrx_word' id='word_1_77' title='bbox 1057 1133 1116 1194; x_wconf 88' lang='lat' dir='ltr'><strong>oleo</strong></span> 
     </span>
     <span class='ocr_line' id='line_1_12' title="bbox 95 1217 1117 1304; baseline -0.008 -19"><span class='ocrx_word' id='word_1_78' title='bbox 95 1233 236 1286; x_wconf 88' lang='lat' dir='ltr'><strong>conteres</strong></span> <span class='ocrx_word' id='word_1_79' title='bbox 263 1243 359 1304; x_wconf 87' lang='lat' dir='ltr'><strong>usque</strong></span> <span class='ocrx_word' id='word_1_80' title='bbox 387 1224 423 1285; x_wconf 91' lang='lat' dir='ltr'><strong>ad</strong></span> <span class='ocrx_word' id='word_1_81' title='bbox 452 1224 679 1286; x_wconf 89' lang='lat' dir='ltr'><strong>crassitudinem</strong></span> <span class='ocrx_word' id='word_1_82' title='bbox 706 1223 815 1303; x_wconf 88' lang='lat' dir='ltr'><strong>mellis,</strong></span> <span class='ocrx_word' id='word_1_83' title='bbox 845 1222 988 1284; x_wconf 87' lang='lat' dir='ltr'><strong>oblinics.</strong></span> <span class='ocrx_word' id='word_1_84' title='bbox 1034 1217 1117 1283; x_wconf 92' lang='lat' dir='ltr'><strong>aliud.</strong></span> 
     </span>
     <span class='ocr_line' id='line_1_13' title="bbox 94 1310 1120 1393; baseline -0.006 -19"><span class='ocrx_word' id='word_1_85' title='bbox 94 1313 213 1392; x_wconf 85' lang='lat' dir='ltr'><strong>adipem</strong></span> <span class='ocrx_word' id='word_1_86' title='bbox 240 1313 393 1375; x_wconf 80' lang='lat' dir='ltr'><strong>vitulinam</strong></span> <span class='ocrx_word' id='word_1_87' title='bbox 419 1313 592 1393; x_wconf 80' lang='lat' dir='ltr'><strong>liquefacies</strong></span> <span class='ocrx_word' id='word_1_88' title='bbox 615 1319 645 1372; x_wconf 92' lang='lat' dir='ltr'><strong>et</strong></span> <span class='ocrx_word' id='word_1_89' title='bbox 667 1310 845 1372; x_wconf 90' lang='lat' dir='ltr'><strong>admiscebis</strong></span> <span class='ocrx_word' id='word_1_90' title='bbox 873 1313 955 1372; x_wconf 88' lang='lat' dir='ltr'><strong>turis</strong></span> <span class='ocrx_word' id='word_1_91' title='bbox 986 1326 1120 1386; x_wconf 80' lang='lat' dir='ltr'><strong>mannae,</strong></span> 
     </span>
     <span class='ocr_line' id='line_1_14' title="bbox 94 1398 1120 1480; baseline -0.005 -20"><span class='ocrx_word' id='word_1_92' title='bbox 94 1409 125 1462; x_wconf 90' lang='lat' dir='ltr'><strong>et</strong></span> <span class='ocrx_word' id='word_1_93' title='bbox 159 1400 296 1460; x_wconf 87' lang='lat' dir='ltr'><strong>similiter</strong></span> <span class='ocrx_word' id='word_1_94' title='bbox 327 1409 362 1462; x_wconf 92' lang='lat' dir='ltr'><strong>nt</strong></span> <span class='ocrx_word' id='word_1_95' title='bbox 393 1418 483 1480; x_wconf 90' lang='lat' dir='ltr'><strong>supra</strong></span> <span class='ocrx_word' id='word_1_96' title='bbox 519 1400 653 1460; x_wconf 90' lang='lat' dir='ltr'><strong>oblinics.</strong></span> <span class='ocrx_word' id='word_1_97' title='bbox 699 1398 787 1460; x_wconf 92' lang='lat' dir='ltr'><strong>aliud.</strong></span> <span class='ocrx_word' id='word_1_98' title='bbox 835 1418 952 1479; x_wconf 90' lang='lat' dir='ltr'><strong>coques</strong></span> <span class='ocrx_word' id='word_1_99' title='bbox 986 1402 1020 1460; x_wconf 91' lang='lat' dir='ltr'><strong>in</strong></span> <span class='ocrx_word' id='word_1_100' title='bbox 1057 1398 1120 1459; x_wconf 91' lang='lat' dir='ltr'><strong>oleo</strong></span> 
     </span>
     <span class='ocr_line' id='line_1_15' title="bbox 93 1485 1122 1565; baseline -0.001 -17"><span class='ocrx_word' id='word_1_101' title='bbox 93 1487 209 1548; x_wconf 91' lang='lat' dir='ltr'><strong>scillam</strong></span> <span class='ocrx_word' id='word_1_102' title='bbox 251 1489 409 1548; x_wconf 77' lang='lat' dir='ltr'><strong>contritam</strong></span> <span class='ocrx_word' id='word_1_103' title='bbox 445 1495 476 1547; x_wconf 91' lang='lat' dir='ltr'><strong>et</strong></span> <span class='ocrx_word' id='word_1_104' title='bbox 512 1505 690 1565; x_wconf 79' lang='lat' dir='ltr'><strong>perungues.</strong></span> <span class='ocrx_word' id='word_1_105' title='bbox 746 1485 826 1548; x_wconf 90' lang='lat' dir='ltr'><strong>aliud</strong></span> <span class='ocrx_word' id='word_1_106' title='bbox 864 1488 1122 1549; x_wconf 89' lang='lat' dir='ltr'><strong>medicamentum</strong></span> 
     </span>
     <span class='ocr_line' id='line_1_16' title="bbox 52 1573 1123 1655; baseline 0 -23"><span class='ocrx_word' id='word_1_107' title='bbox 52 1594 78 1633; x_wconf 79' lang='lat' dir='ltr'><strong>rs</strong></span> <span class='ocrx_word' id='word_1_108' title='bbox 93 1574 237 1636; x_wconf 90' lang='lat' dir='ltr'><strong>ulceratis</strong></span> <span class='ocrx_word' id='word_1_109' title='bbox 255 1573 450 1652; x_wconf 80' lang='lat' dir='ltr'><strong>pernionibus</strong></span> <span class='ocrx_word' id='word_1_110' title='bbox 464 1575 651 1634; x_wconf 87' lang='lat' dir='ltr'><strong>conveniens.</strong></span> <span class='ocrx_word' id='word_1_111' title='bbox 683 1573 821 1634; x_wconf 91' lang='lat' dir='ltr'><strong>aluminis</strong></span> <span class='ocrx_word' id='word_1_112' title='bbox 838 1574 928 1655; x_wconf 91' lang='lat' dir='ltr'><strong>lipari</strong></span> <span class='ocrx_word' id='word_1_113' title='bbox 949 1584 981 1636; x_wconf 94' lang='lat' dir='ltr'><strong>et</strong></span> <span class='ocrx_word' id='word_1_114' title='bbox 1001 1590 1123 1637; x_wconf 87' lang='lat' dir='ltr'><strong>murrae</strong></span> 
     </span>
     <span class='ocr_line' id='line_1_17' title="bbox 92 1659 1125 1740; baseline 0.001 -18"><span class='ocrx_word' id='word_1_115' title='bbox 92 1670 124 1722; x_wconf 90' lang='lat' dir='ltr'><strong>ct</strong></span> <span class='ocrx_word' id='word_1_116' title='bbox 143 1659 233 1720; x_wconf 90' lang='lat' dir='ltr'><strong>calcis</strong></span> <span class='ocrx_word' id='word_1_117' title='bbox 252 1663 333 1720; x_wconf 87' lang='lat' dir='ltr'><strong>vivae</strong></span> <span class='ocrx_word' id='word_1_118' title='bbox 347 1669 378 1720; x_wconf 88' lang='lat' dir='ltr'><strong>ct</strong></span> <span class='ocrx_word' id='word_1_119' title='bbox 391 1663 468 1721; x_wconf 88' lang='lat' dir='ltr'><strong>turis</strong></span> <span class='ocrx_word' id='word_1_120' title='bbox 481 1660 614 1740; x_wconf 85' lang='lat' dir='ltr'><strong>masculi,</strong></span> <span class='ocrx_word' id='word_1_121' title='bbox 632 1664 766 1722; x_wconf 92' lang='lat' dir='ltr'><strong>omnium</strong></span> <span class='ocrx_word' id='word_1_122' title='bbox 785 1671 931 1740; x_wconf 86' lang='lat' dir='ltr'><strong>quattuor</strong></span> <span class='ocrx_word' id='word_1_123' title='bbox 951 1677 988 1725; x_wconf 80' lang='lat'><em>÷</em></span> <span class='ocrx_word' id='word_1_124' title='bbox 1012 1673 1125 1734; x_wconf 85' lang='lat' dir='ltr'><strong>ternas,</strong></span> 
     </span>
     <span class='ocr_line' id='line_1_18' title="bbox 90 1746 1129 1830; baseline 0.001 -22"><span class='ocrx_word' id='word_1_125' title='bbox 90 1750 170 1828; x_wconf 91' lang='lat' dir='ltr'><strong>picis</strong></span> <span class='ocrx_word' id='word_1_126' title='bbox 194 1746 286 1807; x_wconf 86' lang='lat' dir='ltr'><strong>durae</strong></span> <span class='ocrx_word' id='word_1_127' title='bbox 314 1754 340 1806; x_wconf 84' lang='lat'><em>2</em></span> <span class='ocrx_word' id='word_1_128' title='bbox 363 1746 431 1827; x_wconf 86' lang='lat'>1111,</span> <span class='ocrx_word' id='word_1_129' title='bbox 459 1765 545 1807; x_wconf 88' lang='lat' dir='ltr'><strong>cerae</strong></span> <span class='ocrx_word' id='word_1_130' title='bbox 573 1759 604 1810; x_wconf 85' lang='lat'>÷</span> <span class='ocrx_word' id='word_1_131' title='bbox 630 1747 670 1828; x_wconf 88' lang='lat'><strong>11,</strong></span> <span class='ocrx_word' id='word_1_132' title='bbox 697 1748 755 1808; x_wconf 92' lang='lat' dir='ltr'><strong>olei</strong></span> <span class='ocrx_word' id='word_1_133' title='bbox 785 1764 818 1812; x_wconf 80' lang='lat'><em>÷</em></span> <span class='ocrx_word' id='word_1_134' title='bbox 850 1750 901 1811; x_wconf 88' lang='lat' dir='ltr'><strong>lll.</strong></span> <span class='ocrx_word' id='word_1_135' title='bbox 948 1770 1029 1830; x_wconf 90' lang='lat' dir='ltr'><strong>quae</strong></span> <span class='ocrx_word' id='word_1_136' title='bbox 1055 1757 1129 1813; x_wconf 89' lang='lat' dir='ltr'><strong>sunt</strong></span> 
     </span>
     <span class='ocr_line' id='line_1_19' title="bbox 91 1833 1129 1916; baseline 0.005 -21"><span class='ocrx_word' id='word_1_137' title='bbox 91 1838 174 1895; x_wconf 91' lang='lat' dir='ltr'><strong>sicca</strong></span> <span class='ocrx_word' id='word_1_138' title='bbox 207 1853 276 1895; x_wconf 92' lang='lat' dir='ltr'><strong>cum</strong></span> <span class='ocrx_word' id='word_1_139' title='bbox 298 1837 366 1894; x_wconf 86' lang='lat' dir='ltr'><strong>rino</strong></span> <span class='ocrx_word' id='word_1_140' title='bbox 393 1833 509 1894; x_wconf 92' lang='lat' dir='ltr'><strong>modico</strong></span> <span class='ocrx_word' id='word_1_141' title='bbox 541 1842 695 1916; x_wconf 85' lang='lat' dir='ltr'><strong>teruntur,</strong></span> <span class='ocrx_word' id='word_1_142' title='bbox 727 1844 757 1896; x_wconf 89' lang='lat' dir='ltr'><strong>ct</strong></span> <span class='ocrx_word' id='word_1_143' title='bbox 790 1840 833 1897; x_wconf 92' lang='lat' dir='ltr'><strong>sic</strong></span> <span class='ocrx_word' id='word_1_144' title='bbox 862 1856 1006 1901; x_wconf 88' lang='lat' dir='ltr'><strong>crassum</strong></span> <span class='ocrx_word' id='word_1_145' title='bbox 1041 1859 1129 1902; x_wconf 89' lang='lat' dir='ltr'><strong>cero-</strong></span> 
     </span>
     <span class='ocr_line' id='line_1_20' title="bbox 92 1920 1131 1990; baseline 0.006 -8"><span class='ocrx_word' id='word_1_146' title='bbox 92 1924 204 1983; x_wconf 89' lang='lat' dir='ltr'><strong>tarium</strong></span> <span class='ocrx_word' id='word_1_147' title='bbox 227 1924 380 1983; x_wconf 87' lang='lat' dir='ltr'><strong>miscetur.</strong></span> <span class='ocrx_word' id='word_1_148' title='bbox 421 1922 491 1982; x_wconf 89' lang='lat' dir='ltr'><strong>iacit</strong></span> <span class='ocrx_word' id='word_1_149' title='bbox 513 1929 544 1982; x_wconf 90' lang='lat' dir='ltr'><strong>et</strong></span> <span class='ocrx_word' id='word_1_150' title='bbox 566 1920 602 1981; x_wconf 92' lang='lat' dir='ltr'><strong>ad</strong></span> <span class='ocrx_word' id='word_1_151' title='bbox 626 1924 764 1983; x_wconf 88' lang='lat' dir='ltr'><strong>universa</strong></span> <span class='ocrx_word' id='word_1_152' title='bbox 787 1923 891 1987; x_wconf 90' lang='lat' dir='ltr'><strong>ulcera</strong></span> <span class='ocrx_word' id='word_1_153' title='bbox 916 1927 965 1988; x_wconf 88' lang='lat' dir='ltr'><strong>vel</strong></span> <span class='ocrx_word' id='word_1_154' title='bbox 988 1928 1131 1990; x_wconf 84' lang='lat' dir='ltr'><strong>vulnera.</strong></span> 
     </span>
    </p>
   </div>
   <div class='ocr_carea' id='block_1_3' title="bbox 88 2089 1136 2521">
    <p class='ocr_par' dir='ltr' id='par_1_6' title="bbox 88 2089 1136 2521">
     <span class='ocr_line' id='line_1_21' title="bbox 168 2089 1133 2168; baseline 0.01 -26"><span class='ocrx_word' id='word_1_155' title='bbox 168 2095 182 2142; x_wconf 93' lang='lat'>1</span> <span class='ocrx_word' id='word_1_156' title='bbox 202 2090 247 2144; x_wconf 78' lang='lat' dir='ltr'><strong>Ad</strong></span> <span class='ocrx_word' id='word_1_157' title='bbox 260 2091 408 2159; x_wconf 77' lang='lat' dir='ltr'><strong>perniones</strong></span> <span class='ocrx_word' id='word_1_158' title='bbox 422 2089 567 2156; x_wconf 77' lang='lat' dir='ltr'><strong>morbosp</strong></span> <span class='ocrx_word' id='word_1_159' title='bbox 581 2089 609 2156; x_wconf 78' lang='lat' dir='ltr'><strong>(i.</strong></span> <span class='ocrx_word' id='word_1_160' title='bbox 624 2089 662 2143; x_wconf 82' lang='lat' dir='ltr'><strong>ad</strong></span> <span class='ocrx_word' id='word_1_161' title='bbox 674 2091 798 2146; x_wconf 78' lang='lat' dir='ltr'><strong>tumores</strong></span> <span class='ocrx_word' id='word_1_162' title='bbox 818 2093 980 2164; x_wconf 76' lang='lat' dir='ltr'><strong>digitorum</strong></span> <span class='ocrx_word' id='word_1_163' title='bbox 995 2098 1133 2168; x_wconf 77' lang='lat' dir='ltr'><strong>hyemali</strong></span> 
     </span>
     <span class='ocr_line' id='line_1_22' title="bbox 89 2159 1133 2239; baseline -0.004 -25"><span class='ocrx_word' id='word_1_164' title='bbox 89 2163 221 2227; x_wconf 80' lang='lat' dir='ltr'><strong>tempore</strong></span> <span class='ocrx_word' id='word_1_165' title='bbox 235 2160 429 2228; x_wconf 80' lang='lat' dir='ltr'><strong>contingentes</strong></span> <span class='ocrx_word' id='word_1_166' title='bbox 443 2159 507 2212; x_wconf 83' lang='lat' dir='ltr'><strong>add.</strong></span> <span class='ocrx_word' id='word_1_167' title='bbox 517 2164 571 2225; x_wconf 57' lang='grc' dir='ltr'><strong>μθ).</strong></span> <span class='ocrx_word' id='word_1_168' title='bbox 642 2159 775 2215; x_wconf 65' lang='lat' dir='ltr'><strong>thanne</strong></span> <span class='ocrx_word' id='word_1_169' title='bbox 790 2169 855 2217; x_wconf 74' lang='lat' dir='ltr'><strong>ame</strong></span> <span class='ocrx_word' id='word_1_170' title='bbox 869 2181 943 2222; x_wconf 77' lang='lat' dir='ltr'><strong>corr,</strong></span> <span class='ocrx_word' id='word_1_171' title='bbox 958 2184 986 2236; x_wconf 77' lang='lat'><strong>9,</strong></span> <span class='ocrx_word' id='word_1_172' title='bbox 1067 2187 1133 2239; x_wconf 61' lang='lat' dir='ltr'><strong>per.</strong></span> 
     </span>
     <span class='ocr_line' id='line_1_23' title="bbox 89 2227 1132 2310; baseline -0.002 -27"><span class='ocrx_word' id='word_1_173' title='bbox 89 2228 170 2284; x_wconf 78' lang='lat' dir='ltr'><strong>netie</strong></span> <span class='ocrx_word' id='word_1_174' title='bbox 187 2243 206 2296; x_wconf 81' lang='lat' dir='ltr'><strong>p</strong></span> <span class='ocrx_word' id='word_1_175' title='bbox 224 2229 338 2295; x_wconf 81' lang='lat' dir='ltr'><strong>(-nitie</strong></span> <span class='ocrx_word' id='word_1_176' title='bbox 352 2245 384 2297; x_wconf 81' lang='lat' dir='ltr'><strong>p,</strong></span> <span class='ocrx_word' id='word_1_177' title='bbox 403 2227 511 2282; x_wconf 88' lang='lat' dir='ltr'><strong>-nicie</strong></span> <span class='ocrx_word' id='word_1_178' title='bbox 529 2230 562 2295; x_wconf 83' lang='lat' dir='ltr'><strong>c).</strong></span> <span class='ocrx_word' id='word_1_179' title='bbox 660 2229 786 2285; x_wconf 88' lang='lat' dir='ltr'><strong>locorum</strong></span> <span class='ocrx_word' id='word_1_180' title='bbox 806 2248 859 2288; x_wconf 86' lang='lat' dir='ltr'><strong>om.</strong></span> <span class='ocrx_word' id='word_1_181' title='bbox 874 2252 906 2304; x_wconf 80' lang='lat' dir='ltr'><strong>p.</strong></span> <span class='ocrx_word' id='word_1_182' title='bbox 1006 2240 1132 2310; x_wconf 52' lang='lat'><strong>3055).</strong></span> 
     </span>
     <span class='ocr_line' id='line_1_24' title="bbox 89 2297 1132 2377; baseline 0 -25"><span class='ocrx_word' id='word_1_183' title='bbox 89 2297 203 2352; x_wconf 83' lang='lat' dir='ltr'><strong>methla</strong></span> <span class='ocrx_word' id='word_1_184' title='bbox 220 2313 264 2367; x_wconf 76' lang='lat' dir='ltr'><strong>pp,</strong></span> <span class='ocrx_word' id='word_1_185' title='bbox 283 2298 400 2352; x_wconf 80' lang='lat' dir='ltr'><strong>cimecln</strong></span> <span class='ocrx_word' id='word_1_186' title='bbox 417 2314 440 2355; x_wconf 87' lang='lat' dir='ltr'><strong>c.</strong></span> <span class='ocrx_word' id='word_1_187' title='bbox 513 2297 679 2352; x_wconf 74' lang='lat' dir='ltr'><strong>tdixerunt</strong></span> <span class='ocrx_word' id='word_1_188' title='bbox 696 2316 718 2354; x_wconf 88' lang='lat' dir='ltr'><strong>c.</strong></span> <span class='ocrx_word' id='word_1_189' title='bbox 792 2303 859 2357; x_wconf 76' lang='lat' dir='ltr'><strong>bin</strong></span> <span class='ocrx_word' id='word_1_190' title='bbox 877 2322 932 2360; x_wconf 85' lang='lat' dir='ltr'><strong>om.</strong></span> <span class='ocrx_word' id='word_1_191' title='bbox 949 2324 984 2377; x_wconf 74' lang='lat' dir='ltr'><strong>p,</strong></span> <span class='ocrx_word' id='word_1_192' title='bbox 1079 2329 1132 2366; x_wconf 64' lang='lat' dir='ltr'><strong>m.</strong></span> 
     </span>
     <span class='ocr_line' id='line_1_25' title="bbox 88 2367 1134 2452; baseline 0.013 -30"><span class='ocrx_word' id='word_1_193' title='bbox 88 2369 188 2422; x_wconf 75' lang='lat' dir='ltr'><strong>ocatur</strong></span> <span class='ocrx_word' id='word_1_194' title='bbox 208 2382 238 2435; x_wconf 77' lang='lat'><strong>9:</strong></span> <span class='ocrx_word' id='word_1_195' title='bbox 262 2368 386 2422; x_wconf 79' lang='lat' dir='ltr'><strong>nascitur</strong></span> <span class='ocrx_word' id='word_1_196' title='bbox 404 2384 442 2436; x_wconf 79' lang='lat' dir='ltr'><strong>pc</strong></span> <span class='ocrx_word' id='word_1_197' title='bbox 461 2367 574 2434; x_wconf 75' lang='lat' dir='ltr'><strong>(Patr).</strong></span> <span class='ocrx_word' id='word_1_198' title='bbox 665 2374 680 2422; x_wconf 79' lang='grc'><strong>7</strong></span> <span class='ocrx_word' id='word_1_199' title='bbox 703 2370 768 2424; x_wconf 81' lang='lat' dir='ltr'><strong>loce</strong></span> <span class='ocrx_word' id='word_1_200' title='bbox 789 2389 808 2439; x_wconf 78' lang='lat'><strong><em>9</em></strong></span> <span class='ocrx_word' id='word_1_201' title='bbox 830 2374 951 2443; x_wconf 72' lang='lat' dir='ltr'><strong>(Patr.):</strong></span> <span class='ocrx_word' id='word_1_202' title='bbox 982 2379 1068 2436; x_wconf 83' lang='lat' dir='ltr'><strong>locos</strong></span> <span class='ocrx_word' id='word_1_203' title='bbox 1083 2399 1134 2452; x_wconf 81' lang='lat' dir='ltr'><strong>pc.</strong></span> 
     </span>
     <span class='ocr_line' id='line_1_26' title="bbox 88 2437 1136 2521; baseline 0.015 -30"><span class='ocrx_word' id='word_1_204' title='bbox 88 2443 228 2504; x_wconf 82' lang='lat' dir='ltr'><strong>8expc:</strong></span> <span class='ocrx_word' id='word_1_205' title='bbox 247 2439 276 2491; x_wconf 77' lang='lat' dir='ltr'><strong>el</strong></span> <span class='ocrx_word' id='word_1_206' title='bbox 293 2453 319 2506; x_wconf 80' lang='lat' dir='ltr'><strong>p.</strong></span> <span class='ocrx_word' id='word_1_207' title='bbox 408 2439 517 2491; x_wconf 81' lang='lat' dir='ltr'><strong>murtae</strong></span> <span class='ocrx_word' id='word_1_208' title='bbox 534 2453 564 2505; x_wconf 77' lang='lat'><strong>9:</strong></span> <span class='ocrx_word' id='word_1_209' title='bbox 593 2437 685 2506; x_wconf 78' lang='lat' dir='ltr'><strong>(mitto</strong></span> <span class='ocrx_word' id='word_1_210' title='bbox 698 2441 751 2507; x_wconf 73' lang='lat' dir='ltr'><strong>pl)</strong></span> <span class='ocrx_word' id='word_1_211' title='bbox 774 2441 847 2497; x_wconf 87' lang='lat' dir='ltr'><strong>mire</strong></span> <span class='ocrx_word' id='word_1_212' title='bbox 866 2462 881 2499; x_wconf 90' lang='lat' dir='ltr'><strong>c</strong></span> <span class='ocrx_word' id='word_1_213' title='bbox 900 2447 1003 2512; x_wconf 88' lang='lat' dir='ltr'><strong>(mirre</strong></span> <span class='ocrx_word' id='word_1_214' title='bbox 1027 2452 1136 2521; x_wconf 84' lang='lat' dir='ltr'><strong>Petr.).</strong></span> 
     </span>
    </p>
   </div>
   <div class='ocr_carea' id='block_1_4' title="bbox 87 2507 1137 2664">
    <p class='ocr_par' dir='ltr' id='par_1_7' title="bbox 87 2507 1137 2664">
     <span class='ocr_line' id='line_1_27' title="bbox 91 2507 1136 2584; baseline 0.014 -23"><span class='ocrx_word' id='word_1_215' title='bbox 91 2514 124 2561; x_wconf 90' lang='lat'><strong>11</strong></span> <span class='ocrx_word' id='word_1_216' title='bbox 147 2507 178 2558; x_wconf 80' lang='lat' dir='ltr'><strong>et</strong></span> <span class='ocrx_word' id='word_1_217' title='bbox 195 2508 269 2570; x_wconf 73' lang='lat' dir='ltr'><strong>(ante</strong></span> <span class='ocrx_word' id='word_1_218' title='bbox 284 2507 352 2575; x_wconf 86' lang='lat' dir='ltr'><strong>obl.)</strong></span> <span class='ocrx_word' id='word_1_219' title='bbox 369 2508 434 2561; x_wconf 86' lang='lat' dir='ltr'><strong>add.</strong></span> <span class='ocrx_word' id='word_1_220' title='bbox 444 2524 467 2576; x_wconf 79' lang='lat' dir='ltr'><strong>p</strong></span> <span class='ocrx_word' id='word_1_221' title='bbox 479 2507 587 2574; x_wconf 70' lang='lat' dir='ltr'><strong>(Patr).</strong></span> <span class='ocrx_word' id='word_1_222' title='bbox 661 2513 694 2560; x_wconf 81' lang='lat'><strong>12</strong></span> <span class='ocrx_word' id='word_1_223' title='bbox 712 2509 865 2567; x_wconf 81' lang='lat' dir='ltr'><strong>vitulinam</strong></span> <span class='ocrx_word' id='word_1_224' title='bbox 879 2519 956 2584; x_wconf 77' lang='lat' dir='ltr'><strong>p(p)=</strong></span> <span class='ocrx_word' id='word_1_225' title='bbox 978 2539 1093 2577; x_wconf 85' lang='lat' dir='ltr'><strong>—num</strong></span> <span class='ocrx_word' id='word_1_226' title='bbox 1110 2541 1136 2580; x_wconf 85' lang='lat' dir='ltr'><strong>c.</strong></span> 
     </span>
     <span class='ocr_line' id='line_1_28' title="bbox 87 2574 1137 2664; baseline 0.02 -35"><span class='ocrx_word' id='word_1_227' title='bbox 87 2574 241 2642; x_wconf 78' lang='lat' dir='ltr'><strong>liquefacio</strong></span> <span class='ocrx_word' id='word_1_228' title='bbox 259 2577 289 2630; x_wconf 81' lang='lat' dir='ltr'><strong>el</strong></span> <span class='ocrx_word' id='word_1_229' title='bbox 305 2576 443 2630; x_wconf 85' lang='lat' dir='ltr'><strong>admisces</strong></span> <span class='ocrx_word' id='word_1_230' title='bbox 459 2592 518 2645; x_wconf 68' lang='grc' dir='ltr'><strong>ρῳ.</strong></span> <span class='ocrx_word' id='word_1_231' title='bbox 625 2578 697 2631; x_wconf 78' lang='lat' dir='ltr'><strong>turis</strong></span> <span class='ocrx_word' id='word_1_232' title='bbox 715 2595 799 2634; x_wconf 85' lang='lat' dir='ltr'><strong>mane</strong></span> <span class='ocrx_word' id='word_1_233' title='bbox 818 2598 846 2636; x_wconf 85' lang='lat' dir='ltr'><strong>c:</strong></span> <span class='ocrx_word' id='word_1_234' title='bbox 874 2587 950 2642; x_wconf 78' lang='lat' dir='ltr'><strong>turin</strong></span> <span class='ocrx_word' id='word_1_235' title='bbox 970 2607 1087 2648; x_wconf 81' lang='lat' dir='ltr'><strong>manna</strong></span> <span class='ocrx_word' id='word_1_236' title='bbox 1106 2612 1137 2664; x_wconf 78' lang='lat' dir='ltr'><strong>p,</strong></span> 
     </span>
    </p>
   </div>
   <div class='ocr_carea' id='block_1_5' title="bbox 87 2661 1139 2968">
    <p class='ocr_par' dir='ltr' id='par_1_8' title="bbox 87 2661 1139 2968">
     <span class='ocr_line' id='line_1_29' title="bbox 87 2661 1137 2766; baseline 0.022 -32"><span class='ocrx_word' id='word_1_237' title='bbox 87 2679 159 2734; x_wconf 79' lang='lat' dir='ltr'><strong>thus</strong></span> <span class='ocrx_word' id='word_1_238' title='bbox 182 2661 249 2749; x_wconf 68' lang='lat' dir='ltr'><strong>Me}</strong></span> <span class='ocrx_word' id='word_1_239' title='bbox 265 2682 329 2748; x_wconf 81' lang='lat' dir='ltr'><strong>(sic)</strong></span> <span class='ocrx_word' id='word_1_240' title='bbox 341 2697 372 2749; x_wconf 85' lang='lat' dir='ltr'><strong>p.</strong></span> <span class='ocrx_word' id='word_1_241' title='bbox 408 2749 415 2762; x_wconf 88' lang='lat'><strong>.</strong></span> <span class='ocrx_word' id='word_1_242' title='bbox 459 2685 492 2734; x_wconf 85' lang='grc'><strong>13</strong></span> <span class='ocrx_word' id='word_1_243' title='bbox 511 2679 628 2762; x_wconf 81' lang='lat' dir='ltr'><strong>oblinies</strong></span> <span class='ocrx_word' id='word_1_244' title='bbox 645 2697 691 2750; x_wconf 74' lang='lat' dir='ltr'><strong>pc:</strong></span> <span class='ocrx_word' id='word_1_245' title='bbox 712 2700 796 2766; x_wconf 69' lang='lat' dir='ltr'><strong>-nes</strong></span> <span class='ocrx_word' id='word_1_246' title='bbox 810 2702 841 2754; x_wconf 85' lang='lat' dir='ltr'><strong>p.</strong></span> <span class='ocrx_word' id='word_1_247' title='bbox 933 2692 992 2751; x_wconf 86' lang='lat' dir='ltr'><strong>Al&#39;.</strong></span> <span class='ocrx_word' id='word_1_248' title='bbox 1010 2697 1044 2752; x_wconf 91' lang='lat' dir='ltr'><strong>in</strong></span> <span class='ocrx_word' id='word_1_249' title='bbox 1067 2701 1137 2756; x_wconf 90' lang='lat' dir='ltr'><strong>oleo</strong></span> 
     </span>
     <span class='ocr_line' id='line_1_30' title="bbox 90 2749 1137 2891; baseline 0.023 -21"><span class='ocrx_word' id='word_1_250' title='bbox 90 2764 295 2887; x_wconf 51' lang='lat' dir='ltr'><strong>illelom</strong></span> <span class='ocrx_word' id='word_1_251' title='bbox 323 2749 861 2888; x_wconf 56' lang='lat' dir='ltr'><strong>:tttldtttilmttilt⁸⁶”</strong></span> <span class='ocrx_word' id='word_1_252' title='bbox 880 2759 1026 2891; x_wconf 47' lang='lat' dir='ltr'><strong>Md·</strong></span> <span class='ocrx_word' id='word_1_253' title='bbox 1049 2775 1137 2841; x_wconf 69' lang='lat'><strong>²⁷⁸²*</strong></span> 
     </span>
     <span class='ocr_line' id='line_1_31' title="bbox 89 2835 1139 2968; baseline 0.018 -29"><span class='ocrx_word' id='word_1_254' title='bbox 89 2835 154 2941; x_wconf 50' lang='lat' dir='ltr'><strong>{pm</strong></span> <span class='ocrx_word' id='word_1_255' title='bbox 171 2903 220 2956; x_wconf 78' lang='lat' dir='ltr'><strong>pp:</strong></span> <span class='ocrx_word' id='word_1_256' title='bbox 244 2861 328 2942; x_wconf 63' lang='lat' dir='ltr'><strong>om.’c</strong></span> <span class='ocrx_word' id='word_1_257' title='bbox 350 2889 411 2957; x_wconf 81' lang='lat' dir='ltr'><strong>(ubi</strong></span> <span class='ocrx_word' id='word_1_258' title='bbox 432 2888 517 2942; x_wconf 84' lang='lat' dir='ltr'><strong>Aliud</strong></span> <span class='ocrx_word' id='word_1_259' title='bbox 540 2860 614 2958; x_wconf 61' lang='lat' dir='ltr'><strong>q’uod</strong></span> <span class='ocrx_word' id='word_1_260' title='bbox 638 2907 666 2944; x_wconf 88' lang='lat' dir='ltr'><strong>u.</strong></span> <span class='ocrx_word' id='word_1_261' title='bbox 684 2908 712 2958; x_wconf 88' lang='lat' dir='ltr'><strong>p.</strong></span> <span class='ocrx_word' id='word_1_262' title='bbox 733 2842 888 2964; x_wconf 57' lang='lat' dir='ltr'><strong>conchdit).</strong></span> <span class='ocrx_word' id='word_1_263' title='bbox 926 2850 1139 2968; x_wconf 50' lang='lat' dir='ltr'><strong>meulfflffis</strong></span> 
     </span>
    </p>
   </div>
   <div class='ocr_carea' id='block_1_6' title="bbox 85 2980 1139 3101">
    <p class='ocr_par' dir='ltr' id='par_1_9' title="bbox 85 2980 1139 3101">
     <span class='ocr_line' id='line_1_32' title="bbox 85 2980 1139 3101; baseline 0.046 -60"><span class='ocrx_word' id='word_1_264' title='bbox 85 3004 140 3058; x_wconf 78' lang='lat' dir='ltr'><strong>pc:</strong></span> <span class='ocrx_word' id='word_1_265' title='bbox 159 3004 209 3044; x_wconf 89' lang='lat' dir='ltr'><strong>om.</strong></span> <span class='ocrx_word' id='word_1_266' title='bbox 227 3007 252 3057; x_wconf 78' lang='lat' dir='ltr'><strong>p.</strong></span> <span class='ocrx_word' id='word_1_267' title='bbox 326 2997 359 3046; x_wconf 79' lang='lat'><strong>15</strong></span> <span class='ocrx_word' id='word_1_268' title='bbox 377 2992 480 3061; x_wconf 77' lang='lat' dir='ltr'><strong>lippari</strong></span> <span class='ocrx_word' id='word_1_269' title='bbox 497 3009 522 3061; x_wconf 75' lang='lat'><strong>9.</strong></span> <span class='ocrx_word' id='word_1_270' title='bbox 596 2995 625 3047; x_wconf 72' lang='lat' dir='ltr'><strong>et</strong></span> <span class='ocrx_word' id='word_1_271' title='bbox 640 3010 689 3048; x_wconf 67' lang='grc' dir='ltr'><strong>ΟΜ·</strong></span> <span class='ocrx_word' id='word_1_272' title='bbox 704 3011 736 3064; x_wconf 74' lang='grc' dir='ltr'><strong>Ρ·</strong></span> <span class='ocrx_word' id='word_1_273' title='bbox 820 3018 937 3061; x_wconf 60' lang='lat' dir='ltr'><strong>murm</strong></span> <span class='ocrx_word' id='word_1_274' title='bbox 957 3027 992 3080; x_wconf 72' lang='lat'><strong>92</strong></span> <span class='ocrx_word' id='word_1_275' title='bbox 1013 2980 1082 3101; x_wconf 48' lang='lat'>1131?</span> <span class='ocrx_word' id='word_1_276' title='bbox 1102 3037 1139 3089; x_wconf 68' lang='grc' dir='ltr'><strong>Ρ,</strong></span> 
     </span>
    </p>
   </div>
   <div class='ocr_carea' id='block_1_7' title="bbox 91 3063 1140 3145">
    <p class='ocr_par' dir='ltr' id='par_1_10' title="bbox 91 3063 1140 3145">
     <span class='ocr_line' id='line_1_33' title="bbox 91 3063 1140 3145; baseline 0.035 -36"><span class='ocrx_word' id='word_1_277' title='bbox 91 3073 162 3110; x_wconf 85' lang='lat' dir='ltr'><strong>nure</strong></span> <span class='ocrx_word' id='word_1_278' title='bbox 182 3073 202 3110; x_wconf 89' lang='lat' dir='ltr'><strong>c.</strong></span> <span class='ocrx_word' id='word_1_279' title='bbox 299 3067 332 3116; x_wconf 82' lang='grc'><strong>16</strong></span> <span class='ocrx_word' id='word_1_280' title='bbox 350 3064 381 3117; x_wconf 82' lang='lat' dir='ltr'><strong>et</strong></span> <span class='ocrx_word' id='word_1_281' title='bbox 397 3063 427 3117; x_wconf 81' lang='lat' dir='ltr'><strong>it.</strong></span> <span class='ocrx_word' id='word_1_282' title='bbox 446 3078 496 3116; x_wconf 85' lang='lat' dir='ltr'><strong>om.</strong></span> <span class='ocrx_word' id='word_1_283' title='bbox 511 3079 542 3131; x_wconf 82' lang='lat' dir='ltr'><strong>p.</strong></span> <span class='ocrx_word' id='word_1_284' title='bbox 635 3064 701 3117; x_wconf 71' lang='lat' dir='ltr'><strong>ihus</strong></span> <span class='ocrx_word' id='word_1_285' title='bbox 719 3069 840 3124; x_wconf 69' lang='lat' dir='ltr'><strong>masculi</strong></span> <span class='ocrx_word' id='word_1_286' title='bbox 855 3090 887 3142; x_wconf 73' lang='grc' dir='ltr'><strong>Ρ.</strong></span> <span class='ocrx_word' id='word_1_287' title='bbox 995 3101 1140 3145; x_wconf 88' lang='lat' dir='ltr'><strong>ommum</strong></span> 
     </span>
    </p>
   </div>
   <div class='ocr_carea' id='block_1_8' title="bbox 92 3135 1138 3324">
    <p class='ocr_par' dir='ltr' id='par_1_11' title="bbox 92 3135 1138 3324">
     <span class='ocr_line' id='line_1_34' title="bbox 92 3135 1137 3255; baseline 0.024 -43"><span class='ocrx_word' id='word_1_288' title='bbox 92 3161 214 3227; x_wconf 76' lang='lat' dir='ltr'><strong>quatuor</strong></span> <span class='ocrx_word' id='word_1_289' title='bbox 230 3177 274 3229; x_wconf 74' lang='lat' dir='ltr'><strong>pc:</strong></span> <span class='ocrx_word' id='word_1_290' title='bbox 293 3179 343 3218; x_wconf 78' lang='lat' dir='ltr'><strong>orn.</strong></span> <span class='ocrx_word' id='word_1_291' title='bbox 358 3181 388 3234; x_wconf 80' lang='lat' dir='ltr'><strong>p.</strong></span> <span class='ocrx_word' id='word_1_292' title='bbox 444 3135 840 3250; x_wconf 55' lang='lat' dir='ltr'><strong>÷ternnspzdnddmsc</strong></span> <span class='ocrx_word' id='word_1_293' title='bbox 861 3180 993 3255; x_wconf 67' lang='lat'>51111),</span> <span class='ocrx_word' id='word_1_294' title='bbox 1100 3203 1137 3253; x_wconf 71' lang='lat'><strong>17</strong></span> 
     </span>
     <span class='ocr_line' id='line_1_35' title="bbox 92 3228 1138 3324; baseline 0.029 -43"><span class='ocrx_word' id='word_1_295' title='bbox 92 3231 121 3284; x_wconf 88' lang='lat'>2</span> <span class='ocrx_word' id='word_1_296' title='bbox 137 3243 167 3296; x_wconf 61' lang='grc' dir='ltr'><strong>με</strong></span> <span class='ocrx_word' id='word_1_297' title='bbox 186 3228 249 3298; x_wconf 70' lang='lat'><strong>31),</strong></span> <span class='ocrx_word' id='word_1_298' title='bbox 268 3235 285 3291; x_wconf 83' lang='lat'>3</span> <span class='ocrx_word' id='word_1_299' title='bbox 303 3248 325 3287; x_wconf 92' lang='lat' dir='ltr'><strong>c.</strong></span> <span class='ocrx_word' id='word_1_300' title='bbox 397 3235 452 3289; x_wconf 86' lang='lat' dir='ltr'><strong>cler</strong></span> <span class='ocrx_word' id='word_1_301' title='bbox 469 3257 496 3302; x_wconf 63' lang='grc' dir='ltr'>γ</span> <span class='ocrx_word' id='word_1_302' title='bbox 515 3236 554 3289; x_wconf 92' lang='lat' dir='ltr'><strong>llI</strong></span> <span class='ocrx_word' id='word_1_303' title='bbox 572 3241 635 3290; x_wconf 71' lang='lat' dir='ltr'><strong>anic</strong></span> <span class='ocrx_word' id='word_1_304' title='bbox 652 3252 724 3306; x_wconf 87' lang='lat' dir='ltr'><strong>p1crs</strong></span> <span class='ocrx_word' id='word_1_305' title='bbox 739 3281 746 3294; x_wconf 89' lang='lat'><strong><em>.</em></strong></span> <span class='ocrx_word' id='word_1_306' title='bbox 762 3283 768 3296; x_wconf 95' lang='lat'>.</span> <span class='ocrx_word' id='word_1_307' title='bbox 785 3282 791 3295; x_wconf 91' lang='lat'><em>.</em></span> <span class='ocrx_word' id='word_1_308' title='bbox 806 3245 840 3298; x_wconf 77' lang='lat' dir='ltr'><strong>in</strong></span> <span class='ocrx_word' id='word_1_309' title='bbox 854 3264 887 3316; x_wconf 85' lang='lat' dir='ltr'><strong>p.</strong></span> <span class='ocrx_word' id='word_1_310' title='bbox 971 3263 1007 3312; x_wconf 77' lang='lat'><strong>18</strong></span> <span class='ocrx_word' id='word_1_311' title='bbox 1028 3264 1138 3324; x_wconf 63' lang='lat' dir='ltr'>ferun.</span> 
     </span>
    </p>
   </div>
   <div class='ocr_carea' id='block_1_9' title="bbox 92 3298 1137 3442">
    <p class='ocr_par' dir='ltr' id='par_1_12' title="bbox 92 3298 1137 3442">
     <span class='ocr_line' id='line_1_36' title="bbox 92 3298 1137 3442; baseline 0.04 -98"><span class='ocrx_word' id='word_1_312' title='bbox 92 3298 471 3432; x_wconf 45' lang='grc' dir='ltr'><strong>ξιέιοξὶιρῖ-ηηὲιὲτᾱῇθω</strong></span> <span class='ocrx_word' id='word_1_313' title='bbox 489 3305 681 3442; x_wconf 56' lang='lat' dir='ltr'><strong>lpilpmiscoinr</strong></span> <span class='ocrx_word' id='word_1_314' title='bbox 698 3323 729 3376; x_wconf 68' lang='lat' dir='ltr'><strong>a:</strong></span> <span class='ocrx_word' id='word_1_315' title='bbox 756 3311 917 3375; x_wconf 73' lang='lat' dir='ltr'><strong>misceatur</strong></span> <span class='ocrx_word' id='word_1_316' title='bbox 932 3341 972 3396; x_wconf 80' lang='lat' dir='ltr'><strong>p,</strong></span> <span class='ocrx_word' id='word_1_317' title='bbox 993 3332 1090 3392; x_wconf 72' lang='lat' dir='ltr'><strong>misce</strong></span> <span class='ocrx_word' id='word_1_318' title='bbox 1111 3356 1137 3394; x_wconf 74' lang='lat' dir='ltr'><strong>c,</strong></span> 
     </span>
    </p>
   </div>
   <div class='ocr_carea' id='block_1_10' title="bbox 0 0 1164 3788">
    <p class='ocr_par' dir='ltr' id='par_1_13' title="bbox 0 0 1164 3788">
     <span class='ocr_line' id='line_1_37' title="bbox 0 0 1164 3788; baseline 0 1"><span class='ocrx_word' id='word_1_319' title='bbox 0 0 1164 3788; x_wconf 95' lang='lat' dir='ltr'><strong> </strong></span> 
     </span>
    </p>
   </div>
  </div>
 </body>
</html>
