2318 3788
449 180 694 246 -228-

77 319 249 375 xerobeches
273 325 307 375 34
331 320 388 387 (ced
410 317 543 390 igrobeca
615 338 680 375 cum
697 317 763 374 vino
778 319 910 376 crisatico
925 336 960 390 cp
974 325 1016 376 46.
1046 325 1081 389 ct.

78 393 133 460 33),
153 392 341 458 stomachum,
364 389 480 445 —chica
498 396 541 445 41.
613 392 709 460 Alco,
728 390 832 446 Simon.
853 390 923 447 Jcn.
943 406 965 446 e.
984 409 1009 447 e.

78 469 112 516 42
142 465 177 531 (et
203 465 274 518 mule
301 461 468 517 entrachion
498 467 542 530 22,
596 462 729 518 cibarius
754 461 884 516 afronitri
905 462 1015 518 cibaria
1032 480 1082 517 nu-

77 540 109 590 et
118 551 169 591 rec.
180 535 315 603 achantu,
331 534 497 599 cachoetes).
507 562 541 573 -

77 624 96 660 x
115 607 140 675 (e
156 622 197 676 pr.
212 607 260 675 zi)
275 620 330 674 pro
349 606 396 660 ch:
412 604 542 659 euximcn

613 550 702 660 ἔξω.
719 536 792 616 (niro
815 549 864 617 orn:
892 535 927 604 p)
957 533 1011 590 XV
1038 539 1082 590 44.

614 605 1083 746 01e22x322⁵{.¹¹2it2

613 747 720 803 cibaria
743 747 940 817 cupressi...
961 748 1023 818 (uic)
1048 754 1082 802 76

613 821 659 889 (cf.
675 819 733 874 Scr.
759 819 821 874 hist.
841 835 904 890 arcp.
926 820 949 872 I
949 819 972 872 I
983 835 1015 889 p.
1036 825 1082 886 77,

613 895 632 946 7
662 890 754 946 Berol.
788 889 857 960 quid
889 890 986 960 inquit
1022 891 1082 946 sine

79 682 112 732 29
136 679 193 747 (scd
216 675 373 746 cacocymis
397 677 451 744 26).
471 691 542 745 -p

74 764 128 816 pro
147 749 195 803 ch:
217 749 336 818 dragma
353 763 463 817 occuper,
482 747 540 801 dia-

77 819 186 890 strignu
204 834 222 888 9
241 824 284 874 24.
318 819 354 887 cf.
373 834 479 889 cygnos
497 823 540 872 22.

59 890 273 946 chalcanthum
291 892 337 960 (=
354 890 542 946 atramentum

77 962 216 1016 sutorium
249 963 326 1018 Ptin.
360 962 451 1032 Celei:
480 977 541 1031 peu.

77 1033 199 1088 calcanti
226 1033 253 1103 (i.
282 1033 428 1089 vitriolum
454 1048 542 1102 supra

72 1105 119 1174 120)
136 1121 188 1176 pop
208 1111 250 1159 11.
277 1105 306 1174 (i.
323 1105 438 1160 vitricia
454 1120 541 1172 scona

76 1178 104 1247 9)
125 1182 165 1231 13.
187 1182 229 1232 20.

59 1263 209 1322 chalcites
242 1266 408 1334 (χαλκίτης)ε
439 1280 542 1334 emper

77 1352 166 1392 acere.
195 1336 316 1391 calciten
341 1353 394 1406 pop
425 1343 466 1391 11.
498 1340 539 1391 18.

78 1414 111 1462 29
136 1408 178 1463 bie
200 1408 261 1479 (ubi
287 1407 427 1463 calcideos
455 1409 541 1464 altero

77 1480 134 1534 loco
152 1480 188 1547 c).
215 1495 301 1548 neque
316 1479 357 1533 ibi
371 1485 479 1535 tantum
492 1479 542 1534 cus

72 1551 542 1676 tttoiltezt‘tittfft

34 1710 36 1715 ·
77 1690 175 1744 tritum
194 1705 319 1761 appones
336 1692 376 1746 sic
393 1708 475 1747 masc.
489 1708 541 1762 pop

77 1767 121 1816 18.
159 1763 206 1818 sed
224 1762 271 1817 dia
290 1761 423 1818 calciteos
442 1768 486 1817 39.
505 1766 540 1816 46

77 1835 224 1901 (potuisset
248 1834 400 1903 χαλκίτεως
418 1835 460 1888 vel
476 1837 541 1904 χαλ-

76 1904 183 1966 κίτιδος
200 1905 294 1960 Diosc.
314 1904 387 1972 Gal,
407 1903 540 1960 calciteos

77 1975 125 2030 lat.
147 1975 254 2039 Oritas.
274 1980 299 2030 et
317 1976 412 2042 Alex„
436 1975 540 2031 chelci-

75 2046 143 2100 tidis
164 2047 241 2101 Plin.
261 2051 307 2113 34,
327 2052 381 2103 119
400 2049 467 2117 etc).

58 2134 267 2191 chamaeleon
297 2135 540 2192 encameleontee

76 2207 152 2261 codd.
200 2152 391 2262 cameieonrae
428 2207 541 2278 (camol-

75 2277 169 2331 leonte
197 2279 221 2347 c)
247 2277 347 2347 nigrae
374 2277 483 2334 radices
510 2277 541 2332 id

76 2350 120 2402 est
148 2348 222 2402 seira
244 2349 326 2418 nigra
349 2350 398 2419 (sic
420 2365 451 2420 p,
479 2349 541 2404 selis

75 2418 157 2488 nigra
174 2434 197 2486 c,
217 2419 288 2474 seire
306 2418 386 2490 nigre
399 2423 429 2489 p)
447 2425 472 2488 9,
490 2420 541 2474 obi

75 2491 285 2559 suprascripsit
297 2497 328 2562 9⁰
338 2491 422 2546 idest
434 2490 539 2546 hedere

74 2560 157 2632 nigra
183 2561 259 2616 idem
289 2565 332 2618 cst
360 2563 389 2616 et
416 2562 540 2617 cameleo

76 2635 161 2702 etque
181 2633 267 2688 scissa
286 2635 353 2703 (sic).
369 2665 403 2672 —
419 2633 539 2688 camele-

76 2705 142 2758 onte
170 2705 277 2774 (-otes
300 2707 334 2775 p)
357 2704 437 2775 nigre
463 2705 542 2759 redii

76 2777 168 2844 (—ces
187 2777 220 2846 ρ)
244 2776 257 2830 I
280 2777 317 2846 (ll
335 2789 371 2846 ρ’,
393 2791 448 2845 pro
466 2775 483 2830 i.
504 2800 538 2822 ==

74 2882 106 2937 id
122 2884 177 2952 est)
191 2898 220 2937 ee
233 2881 277 2938 ire
293 2849 447 2959 (sefm‘fipr)
467 2888 537 2938 c76.

75 2955 111 3022 cf.
139 2955 233 3011 Dioec.
261 2959 294 3023 3,
321 2960 410 3010 8-9.
452 2955 538 3024 Apul.

75 3027 146 3081 herb.
175 3031 215 3082 26
242 3027 350 3094 (couno
376 3026 539 3096 hydropicos

77 3097 148 3153 Cael.
166 3114 194 3167 p.
214 3101 276 3153 475.
295 3097 396 3152 Actius
413 3102 459 3163 10,
477 3099 537 3166 22).

76 3169 143 3223 Sim.
168 3169 237 3224 Jan.
260 3185 281 3224 e.
307 3169 387 3224 Seira
411 3167 441 3222 in
465 3167 538 3224 libro

75 3239 191 3308 antiquo
210 3241 245 3296 de
262 3240 385 3310 simplici
398 3238 540 3294 medicine

77 3311 226 3380 exponitur
253 3313 328 3381 quod
351 3313 395 3366 est
419 3310 539 3366 cemele-

76 3386 150 3437 onte.

57 3452 276 3523 chryrcttieum
318 3455 384 3525 (Ed.
421 3454 539 3526 Diocli:

613 961 756 1017 afronitris
765 964 1081 1032 essenonpossumi-

614 1033 670 1088 olei
690 1032 790 1088 cibarii
814 1033 871 1088 Ed.
889 1033 998 1103 Diocl,
1021 1033 1082 1088 vini

614 1104 712 1160 ciborii
732 1104 813 1159 Ptin.
830 1109 880 1174 28,
897 1109 957 1161 207
975 1108 1043 1176 etc).

594 1175 708 1303 egentia
741 1175 927 1231 constrictive
960 1182 996 1231 50
1032 1177 1079 1245 (cf.

636 1249 699 1317 uel.)

595 1318 776 1374 elestrlerrc
810 1319 854 1386 (cf.
889 1317 989 1387 σηοως
1026 1318 1080 1372 hoc

612 1389 746 1445 adiutorii
762 1405 894 1460 genus..
912 1433 917 1445 .
934 1389 1082 1446 mcamicat

612 1461 708 1516 ulcera
734 1466 769 1516 48
798 1461 841 1528 (ut
868 1478 978 1516 summe
1002 1460 1081 1516 ducit

613 1532 773 1588 cicatricem
797 1532 828 1586 in
850 1532 982 1587 omnibus
1011 1531 1080 1587 locis

613 1609 661 1674 74,
691 1603 852 1658 cicatricem
879 1603 1014 1659 inducere
1039 1603 1082 1658 oei

612 1675 643 1729 in
668 1673 829 1730 cicatricem
856 1674 960 1730 ducere
993 1691 1079 1744 saepe,

612 1746 708 1801 ulcera
720 1746 751 1800 in
764 1744 926 1802 cicatricem
935 1746 1080 1802 venientia

595 1887 785 1944 cinerescerc
804 1892 838 1942 6⁷
858 1888 905 1956 (cf.
926 1888 1020 1958 Geel).

595 1959 742 2014 cinericio
770 1959 862 2014 colore
887 1959 1001 2015 iuscatu
1029 1959 1078 2029 (ul-

612 2031 729 2100 ceratio)
749 2034 791 2086 36.
933 2049 937 2056 ·

595 2100 827 2156 circuminciies
845 2102 993 2171 (morsum)
1014 2107 1056 2156 61.

595 2171 804 2227 circumvestit
813 2172 1002 2242 (membrana)
1018 2187 1079 2228 osse

613 2243 715 2312 capitis
725 2249 749 2312 1,
759 2246 887 2298 vennem
898 2245 952 2298 sub
961 2245 1026 2299 cute
1036 2249 1078 2298 51.

595 2314 763 2370 cisternins
781 2330 854 2383 aque
872 2319 916 2370 56.
935 2321 979 2370 61.

595 2385 1077 2456 couctlle(quectilepcp):quectile

611 2457 695 2511 tenue
713 2462 755 2512 42.
785 2457 904 2527 quactili
922 2457 1034 2528 operies
1048 2459 1076 2512 it.

611 2533 646 2581 42
665 2529 712 2597 (cf.
731 2529 819 2599 Rip).

594 2599 1076 2672 coactiliariuslquactiliariuspcp)

594 2741 778 2798 coclearium
809 2760 828 2814 p
854 2744 944 2811 (coclr
975 2759 1077 2813 occuper

612 2829 697 2884 cornp.
712 2817 756 2884 cp)
776 2819 818 2871 34.
833 2821 876 2870 39.
896 2820 932 2869 40
941 2816 1015 2885 (bie).
1034 2820 1075 2868 41.

613 2889 648 2937 42
658 2886 795 2954 (cocleare
808 2903 894 2939 unum
909 2887 953 2941 bis
966 2893 1010 2955 21,
1029 2886 1076 2941 uli

611 2957 691 3011 tertio
714 2957 772 3012 loco
800 2956 917 3012 coclear.
941 2957 963 3012 Ι.
987 2959 1029 3012 sic
1049 2972 1074 3027 p,

605 3042 660 3096 pro
687 3028 799 3082 coclea?
826 3053 860 3074 =
885 3029 1074 3096 coclearium).

611 3097 743 3153 coclearii
772 3105 814 3152 42.
860 3099 1000 3156 cocleario
1033 3103 1075 3154 34.

611 3168 749 3224 coclearia
771 3176 805 3225 21
830 3171 994 3240 (coclearios
1022 3170 1075 3225 sin·

611 3241 692 3310 gulos
710 3242 781 3297 mole
797 3258 831 3311 qe
849 3244 904 3310 40).

594 3311 728 3379 cognitio
745 3311 848 3385 (morbi
862 3339 896 3359 =
911 3308 1074 3384 διάγνωσις)

594 3454 792 3513 collectiones
807 3449 1017 3526 (ἀποστήματα)
1032 3460 1072 3512 18.
