2318 3788
493 137 732 203 -138-

103 285 193 345 tinem
225 284 419 346 adhaerentes
452 302 488 344 ex
519 281 712 344 interioribus
750 277 861 361 <atque
899 275 1094 357 exterioribus>

103 373 160 435 sibi
183 376 343 435 coniuncti.

191 464 354 524 curationis
386 478 457 520 vero
494 469 629 540 tempore
665 461 805 539 primitus
837 468 957 538 oportet
992 454 1093 520 saccello

103 551 197 613 calido
224 551 338 611 torrido
367 549 426 610 sale
454 548 568 629 repleto
596 549 660 610 loca
690 547 819 608 dolentia
842 565 984 627 vaporare
1006 555 1034 608 ct
1053 542 1094 606 sub

76 641 166 719 sipsa
198 641 388 719 vaporatione
420 636 486 699 oleo
519 638 646 717 simplici
682 637 830 716 tepefacto
862 653 1045 716 perunguere
1074 640 1095 693 et

102 736 171 808 post
192 729 413 807 vaporationem
437 726 598 788 athbitam
620 724 742 787 linteolo
766 724 878 786 mundo
902 725 1039 786 calefacto
1058 739 1096 784 su·

102 817 205 876 dorem
230 819 389 877 excitatum
413 816 582 895 detergere,
607 822 637 876 et
660 816 704 875 sic
725 813 791 874 oleo
813 812 931 875 laurino
954 823 1005 876 aut
1023 828 1096 890 acopo

101 907 341 983 metasyncritico
368 904 529 985 defricare,
556 905 651 965 donee
679 902 736 964 sibi
764 904 843 965 cutis
861 905 1002 965 virtutem
1024 899 1096 963 medi·

102 995 230 1054 camenti
262 993 338 1054 bene
370 995 511 1074 retineat,
544 1001 574 1054 et
605 1000 674 1072 post
704 991 929 1052 defricationem
959 990 1098 1053 adhibitam

61 1098 88 1138 ro
100 1081 166 1142 lana
196 1082 306 1142 munda
336 1083 454 1162 operire
485 1089 516 1142 et
545 1081 627 1141 molli
661 1099 695 1142 ac
724 1082 809 1141 tenui
843 1079 988 1142 calabrico
1016 1080 1100 1160 ligare.

101 1171 181 1250 quod
213 1179 312 1231 autem
345 1188 470 1249 acopum
503 1171 661 1231 coniicitur
692 1172 745 1230 sic.
793 1168 852 1230 olei
885 1171 1049 1231 communis
1079 1174 1102 1226 et

100 1259 234 1320 radicum
262 1261 431 1322 cucuvmeris
458 1261 584 1338 agrestis
611 1258 702 1319 libras
731 1257 871 1337 singulas.
908 1258 1024 1319 radices
1045 1272 1103 1337 pur·

99 1357 181 1427 gatas
209 1357 240 1409 et
267 1351 401 1409 concisas
430 1349 521 1427 friges
548 1349 580 1407 in
604 1347 668 1408 oleo
699 1346 795 1407 donec
818 1345 1034 1407 carbonescant
1054 1361 1104 1406 me·
1146 1388 1148 1401 .

100 1437 250 1498 diocriter.
287 1447 355 1516 post
377 1437 451 1497 haec
473 1438 603 1517 proicies
621 1435 737 1496 radices
759 1442 789 1495 et
812 1453 905 1515 super
927 1437 1029 1497 mittes
1051 1434 1106 1495 oleo

61 1542 87 1583 1s
101 1525 197 1585 colato
221 1544 306 1585 cerae
330 1524 351 1590 5
374 1525 428 1604 ΙΙΙ,
451 1525 546 1604 adipis
568 1526 685 1604 porcini
704 1533 734 1585 ct
756 1525 867 1584 taurini
889 1537 926 1585 ÷
949 1534 1108 1603 quaternas,

101 1622 131 1673 et
157 1621 315 1693 postquam
344 1613 441 1674 soluta
472 1614 585 1674 luerint
612 1615 713 1673 mittes
740 1611 856 1691 galbani
884 1611 905 1678 5
934 1612 961 1694 Ι,
994 1614 1109 1694 styracis

101 1701 252 1762 calamitae
276 1703 380 1781 optimi
408 1709 439 1762 et
466 1703 582 1761 resinae
606 1700 770 1761 colofoniae
793 1699 815 1766 5
837 1709 1014 1779 quaternas,
1042 1719 1111 1762 sam·

100 1792 165 1851 suci
184 1798 215 1851 et
233 1791 413 1869 stasisagriae
432 1787 453 1854 5
472 1789 569 1871 binas,
588 1790 725 1850 afronitri
744 1788 854 1849 cibaria
875 1788 971 1871 Xllll,
995 1790 1113 1870 pyratri,

100 1878 242 1940 bacarum
264 1879 354 1960 lauri,
377 1878 514 1959 adarces,
537 1880 670 1939 omnium
693 1879 785 1938 trium
803 1877 825 1944 5
844 1896 946 1960 senas,
971 1887 1003 1955 et
1020 1896 1113 1939 move·

60 1985 86 2025 ao
100 1967 145 2028 bis
169 1970 200 2028 in
222 1986 283 2029 uno
307 1967 401 2027 donec
425 1966 632 2047 coagulentur,
656 1974 687 2027 et
710 1968 812 2028 uteris.

188 2056 268 2118 aliud
291 2055 459 2117 ischiadicis
482 2064 513 2116 et
538 2056 687 2134 psiadicis.
728 2057 849 2116 iniectio
877 2073 914 2115 cx
942 2055 1114 2118 decoctione

99 2143 310 2223 coloquintidis
338 2154 368 2205 et
395 2146 566 2206 centauriae
594 2151 625 2204 et
652 2142 786 2204 cantabri
813 2143 929 2204 modico
959 2163 1030 2206 cum
1053 2145 1115 2206 oleo

172 2267 185 2315 1
207 2278 240 2316 ex
255 2261 437 2318 interioribus
455 2261 509 2317 sibi
527 2263 677 2317 coniuncta
691 2277 714 2331 c,
733 2257 824 2332 extibg
844 2265 963 2331 oritusp
982 2263 1031 2331 (cf,
1046 2262 1114 2318 anl.

99 2333 153 2387 clar.
169 2337 195 2401 5,
212 2339 235 2386 1.
251 2334 286 2402 6).
354 2336 541 2404 soportetp:
560 2349 610 2388 om.
625 2335 721 2400 o(non
735 2331 807 2388 Patr.
818 2350 848 2402 p.
863 2335 942 2400 256).
1013 2333 1114 2389 sacello

99 2419 140 2472 cp.
231 2409 249 2457 4
268 2403 331 2458 loca
349 2405 445 2460 dolere
464 2407 493 2460 eb
511 2404 562 2458 sub
581 2403 600 2459 i.
619 2422 645 2459 v.
659 2420 696 2473 p,
718 2403 782 2458 loca
805 2403 931 2459 dolentia
948 2405 1116 2474 vaporantia

98 2480 150 2530 is.
169 2473 188 2529 i.
208 2491 223 2528 c
241 2476 388 2545 (vaporare
406 2476 470 2530 loca
489 2475 583 2544 Peto).
684 2481 700 2529 6
719 2474 875 2530 adhibitam
896 2490 948 2530 oro.
964 2492 986 2546 p
1004 2475 1114 2543 (Patr).

99 2551 116 2600 8
135 2545 256 2600 mebasin
279 2546 403 2601 ereticon
426 2563 452 2613 c,
475 2547 553 2600 meta
575 2545 722 2602 sinerebico
746 2548 808 2616 ip.
917 2551 934 2600 9
957 2545 1114 2602 adhibitam

98 2631 149 2671 om.
164 2633 195 2686 p.
279 2622 313 2671 10
332 2617 473 2672 calabrico
490 2634 532 2708 op.
605 2623 638 2671 11
658 2621 753 2672 autem
772 2633 823 2672 oro.
836 2633 864 2686 p.
938 2618 968 2670 eb
985 2617 1065 2672 radic
1079 2633 1114 2686 ps

99 2687 200 2742 radicis
219 2704 241 2743 e.
316 2693 348 2742 12
368 2688 405 2742 ul'
425 2689 532 2758 smglrs
546 2704 568 2754 c,
588 2693 632 2743 aso.
651 2688 679 2742 l'.
698 2689 719 2742 I.
737 2704 765 2756 p.
839 2694 872 2742 13
887 2688 1022 2743 carbones
1041 2706 1078 2743 m.
1093 2703 1113 2755 c,

99 2758 233 2814 carbones
253 2760 300 2813 cib
318 2776 354 2812 m.
374 2775 397 2828 p
415 2761 462 2826 (cf.
482 2759 554 2814 Cael.
573 2761 644 2815 Aur.
660 2776 690 2828 p.
710 2763 773 2814 409.
794 2763 868 2827 555).
961 2763 995 2843 14
1008 2758 1112 2883 fisemis

98 2846 139 2899 op.
232 2834 265 2883 15
285 2831 315 2884 eb
332 2829 437 2884 taurini
455 2846 506 2886 om.
525 2846 547 2883 c.
639 2830 834 2899 ’squalemas
852 2846 879 2884 c:
898 2834 943 2883 ab.
1036 2830 1070 2886 11.
1084 2845 1112 2899 p.

100 2907 133 2955 16
153 2901 280 2970 mibiisp
299 2902 387 2968 (-tes
406 2904 438 2967 c).
514 2901 609 2962 3Io:
627 2904 655 2970 ἢ
672 2902 730 2970 lp.
804 2902 913 2956 storace
927 2917 959 2970 p,
978 2901 1075 2956 stratis
1092 2915 1112 2954 c.

100 2977 133 3026 17
153 2971 331 3041 mimilogo,
350 2972 468 3026 -mible
486 2987 509 3027 e.
581 2971 683 3043 optimi
696 2987 723 3027 o:
742 2987 822 3027 -me
836 2987 867 3041 p.
941 2970 1075 3027 coloitoie
1083 2987 1112 3040 p,

99 3043 162 3097 eolo
182 3044 251 3098 sime
270 3059 292 3098 c.
366 3042 739 3111 311110‚an.3.1111.p.
826 3041 952 3097 sambuci
970 3059 992 3097 c.
1081 3045 1111 3096 18

99 3116 129 3168 eb
146 3129 197 3168 orn.
212 3132 242 3184 p.
334 3112 458 3181 t-binm
476 3131 504 3182 c,
524 3119 568 3170 ari.
587 3121 613 3176 3.
632 3114 666 3169 H.
681 3131 712 3184 p.
805 3112 912 3168 cibaria
930 3113 1010 3168 ΧΙΙΙΙ
1029 3115 1059 3183 (v
1078 3112 1109 3180 cf.

99 3200 121 3238 c.
140 3186 199 3254 44):
224 3185 313 3240 cibari
335 3189 350 3247 3
374 3185 427 3240 ΙΙΙΙ
445 3202 481 3255 p,
505 3185 604 3242 cibarii
626 3191 644 3248 3
666 3184 727 3239 1111.
751 3200 774 3240 o.
884 3189 917 3238 19
942 3183 1056 3239 adarces
1075 3199 1109 3252 p:

99 3255 219 3310 adariois
238 3272 260 3311 a.
334 3261 377 3311 ari.
396 3263 421 3320 5.
441 3257 488 3313 VI.
503 3273 534 3326 p.
620 3272 716 3311 moves
737 3255 768 3309 in
786 3271 841 3310 uno
860 3271 903 3325 sp.
989 3260 1022 3309 21
1043 3255 1109 3310 scia·

99 3325 169 3380 dicis
184 3329 214 3451 bt
231 3326 363 3395 psiadiois
372 3345 403 3398 p,
422 3327 508 3384 siadis
527 3330 557 3384 eb
574 3326 608 3399 p⁹
625 3326 744 3398 piciadis
763 3344 785 3384 c.
859 3332 893 3381 22
911 3323 1106 3395 coloquintidis

95 3412 131 3466 p,
151 3427 184 3437 —
206 3413 221 3452 e
240 3414 262 3453 o.
