2318 3788
486 141 731 206 -136—

100 283 210 347 doloris
238 289 358 347 maioris
386 286 483 368 digiti,
511 285 600 347 nullis
629 285 880 367 praecedentibus
908 291 1013 371 causis,
1027 290 1090 348 ‘eun

99 374 209 436 rubore
234 378 313 436 circa
336 375 531 437 articulorum
552 375 666 458 locum,
694 385 724 437 et
751 378 845 455 magis
869 387 1012 439 nocturno
1031 386 1083 438 ten·

98 482 180 542 pore.
222 466 410 524 increscente
437 483 509 525 vero
536 467 674 544 passione
701 465 866 545 plurimum
892 467 1008 528 articuli
1027 481 1085 539 con·¹

98 556 254 632 patiuntur
277 561 308 613 et
330 552 414 632 digiti
436 555 627 615 invertuntur
646 561 676 614 et
698 555 872 616 durescunt.
909 560 1087 617 veterescente

71 650 198 702 caruem
225 643 377 723 passione,
405 641 547 703 diuturno
575 643 686 703 doloris
713 651 848 722 tempore
877 647 967 706 etiam
988 655 1016 706 et
1040 640 1119 724 pori·

99 737 276 810 nascuntur,
310 749 346 790 ex
379 730 487 809 quibus
519 740 707 810 aegrotantes
738 731 851 811 lapides
880 733 991 794 similes
1019 746 1090 814 gypso
1119 728 1122 733 '

99 819 247 878 emittunt.
303 827 333 879 et
369 826 474 899 torpor
516 819 634 899 quidam
671 822 851 881 accessionis
889 829 1021 902 tempore
1051 834 1091 901 per

99 905 231 966 membra
254 907 436 985 patientibus
459 908 609 968 discurrit.
642 907 799 988 aliquando
822 911 955 988 rigorem
973 913 1093 986 sentiunt,

98 995 255 1074 aliquando
271 996 407 1058 calorem.
441 1006 471 1057 et
489 1004 560 1057 sunt
576 999 671 1076 ipsius
685 997 833 1076 podagrae
852 997 1009 1060 distantiae
1027 999 1093 1075 duae,

59 1097 85 1136 10
99 1093 145 1144 est
173 1086 253 1144 enim
280 1085 386 1164 frigida
415 1094 445 1146 et
473 1080 574 1146 calida.
616 1088 746 1165 cognitio
774 1093 874 1146 autem
902 1087 1019 1149 illarum
1043 1085 1097 1150 ulis

99 1181 153 1234 est.
190 1175 222 1232 in
241 1173 374 1234 calidiori
397 1175 498 1234 fervor
520 1173 711 1234 incendiosus
730 1194 799 1235 cum
818 1175 990 1238 vehementi
1010 1175 1097 1238 dolore

99 1264 243 1343 sentitur,
266 1270 427 1342 apparente
450 1262 617 1323 rubicundo
640 1270 768 1325 tumore.
808 1265 840 1324 in
868 1264 1015 1344 frigidiori
1042 1279 1100 1325 vero
1139 1306 1141 1311 -

98 1351 210 1411 inliatio
234 1351 387 1411 subalbida
411 1352 548 1411 efficitur.
586 1359 780 1431 utrarumque
802 1360 904 1413 antem
923 1356 1035 1415 sanatio
1055 1356 1101 1414 ista

99 1447 157 1520 est,
185 1442 216 1499 in
240 1439 373 1500 calidiori
396 1441 612 1520 refrigeratira,
640 1442 670 1500 in
699 1441 846 1519 frigidiori
874 1440 1060 1503 calefactoria
1080 1448 1103 1501 et

59 1541 85 1580 rs
100 1529 252 1607 eiectoria,
290 1546 378 1606 quam
411 1529 516 1588 Graeci
547 1528 751 1590 diaioreticam
783 1539 898 1590 vocant.
950 1538 982 1592 et
1017 1531 1105 1591 differt

98 1615 276 1694 podagricus
305 1615 341 1674 ab
369 1616 537 1696 arthritico,
565 1619 633 1695 quia
660 1617 814 1697 podagrici
840 1619 872 1678 in
900 1636 990 1679 crure
1018 1620 1106 1680 solum

99 1705 300 1763 causationem
323 1703 447 1785 habent,
470 1704 617 1766 arthritici
635 1714 735 1766 autem
758 1707 790 1766 in
809 1705 948 1766 omnibus
972 1707 1105 1769 articulis.

186 1793 218 1851 in
242 1792 445 1853 curationibus
464 1800 564 1853 autem
582 1793 618 1853 ad
636 1793 765 1855 'calidam
787 1793 949 1874 podagram
970 1796 1108 1859 mustelae

99 1882 274 1958 sanguinem
301 1899 370 1953 cum
397 1880 575 1960 plantaginis
603 1901 675 1944 suco
703 1885 783 1944 inter
810 1884 874 1962 ipsa
901 1884 987 1944 initia
1010 1885 1109 1946 illines.

59 1983 85 2022 ro
188 1968 275 2029 alind.
314 1970 463 2030 coriandri
486 1969 555 2030 solia
578 1979 629 2032 ant
650 1973 810 2050 iusquiami
833 1970 902 2031 lolia
921 1980 973 2033 aut
997 1972 1110 2035 coliculi

98 2056 180 2138 lolia,
204 2076 264 2117 non
287 2066 444 2137 praesente
467 2061 649 2140 iusquiamo,
678 2067 759 2120 teres
788 2057 947 2138 diligenter
970 2070 1002 2122 et
1025 2080 1112 2142 super

98 2147 199 2206 mittes
222 2145 353 2207 medium
375 2149 460 2226 panis
479 2147 583 2208 mundi
605 2147 712 2227 frigida
731 2157 761 2208 et
780 2156 887 2227 aquata
904 2167 997 2227 posca
1015 2151 1113 2232 inlusi,

170 2321 185 2370 2
205 2315 305 2371 robora
323 2334 365 2388 cp.
455 2318 530 2373 circa
554 2318 764 2386 1000100110.
856 2317 962 2375 311100.
984 2321 1111 2391 passione

98 2403 164 2441 vero
183 2387 221 2456 pl.
241 2403 263 2443 0.
336 2389 517 2458 operiuntur
535 2405 558 2444 0.
648 2389 772 2444 deciam
789 2405 840 2444 om.
859 2407 882 2445 0.
971 2389 1113 2463 70000001

98 2458 211 2526 quidem
230 2474 253 2524 c,
273 2455 319 2516 oar
342 2459 457 2527 quidam
475 2477 506 2529 p.
579 2463 647 2514 901
671 2463 788 2515 sunt-
808 2463 1110 2530 (rotroccnt=dat.

100 2528 190 2595 XIV,
209 2533 273 2584 384.
356 2536 390 2583 10
408 2530 427 2584 1.
443 2530 483 2599 (id
497 2532 551 2600 001)
571 2530 675 2600 frigida
693 2533 744 2586 eut
762 2550 784 2586 c.
802 2549 825 2600 p
844 2533 893 2601 (od
910 2550 967 2589 rem
985 2535 1022 2600 cf.
1042 2534 1111 2591 Ouel.

98 2601 153 2655 aar.
173 2606 203 2667 ὁ,
223 2602 278 2668 31).
351 2607 383 2655 11
404 2600 532 2656 calidiori
549 2618 595 2670 cp,
614 2611 693 2663 —ozt
711 2607 775 2665 ante
793 2619 863 2658 corr.
878 2620 910 2672 p.
985 2610 1018 2659 12
1037 2604 1110 2676 frigi·

98 2670 221 2739 0110110ο
239 2674 377 2742 1-0110,
401 2689 486 2727 -ora
505 2673 538 2742 0).
647 2689 713 2728 vero
733 2703 766 2713 —
786 2676 843 2744 (14)
862 2673 1004 2745 frigidiori
1022 2693 1072 2733 otu
1090 2691 1109 2732 0.

100 2748 133 2797 14
153 2740 287 2797 caratauc
301 2758 333 2811 p.
407 2749 440 2798 11
459 2745 489 2798 01
507 2742 658 2799 exiectoria
675 2745 737 2813 (rc'c)
752 2761 779 2800 c:
797 2761 848 2800 orn.
858 2763 890 2814 p.
964 2746 1110 2804 dieforesin

98 2849 120 2900 r,
140 2820 277 2903 dicff‘d’lta
295 2831 442 2900 (—forata)
457 2850 488 2902 p.
562 2839 595 2887 16
609 2831 728 2888 011011οο
742 2848 765 2902 0,
784 2833 889 2888 cretico
904 2852 935 2904 p.
1009 2837 1074 2906 quic
1085 2851 1109 2891 c:

98 2903 232 2972 quoniam
255 2905 324 2972 (qm)
341 2921 373 2972 p.
481 2902 609 2973 podagra
630 2902 729 2958 incure
751 2903 842 2959 solum
867 2905 955 2962 habat
982 2908 1109 2963 0110110110

98 2977 193 3030 autam
211 2993 226 3031 0
243 2974 294 3041 (od
318 2991 374 3029 rem
392 2976 428 3040 cf.
448 2974 511 3031 Gal.
530 2973 633 3042 XIII,
656 2979 732 3043 332).
840 2975 871 3030 in
894 2993 961 3032 cura
984 2981 1073 3047 (icore
1088 2992 1109 3043 c,

98 3053 109 3100 i
129 3047 181 3100 enai
195 3049 228 3116 p)
248 3062 289 3114 ep.
377 3051 409 3100 17
428 3044 549 3100 011111101
565 3046 610 3100 hic
623 3062 654 3114 p.
742 3051 775 3101 19
795 3047 973 3117 sauguinem:
993 3048 1108 3104 cinerem

98 3119 223 3185 affirmat
245 3117 339 3172 Dioac.
358 3134 389 3185 p.
409 3122 463 3173 179
487 3118 531 3185 (ec
552 3132 606 3184 quo
625 3117 748 3172 Galenus
771 3117 857 3184 XII,
880 3121 959 3187 362).
995 3121 1108 3190 010001·

97 3191 181 3259 puioe
198 3191 279 3244 older
292 3189 330 3242 D.
346 3189 363 3242 l.
379 3205 401 3243 0.
482 3193 516 3242 20
530 3186 619 3241 illinis
632 3204 673 3256 cp.
745 3187 887 3243 coriandri
896 3206 932 3258 p:
950 3190 1076 3246 cantebri
1087 3204 1106 3245 0.

97 3260 166 3315 folia
180 3265 245 3329 post
262 3259 413 3328 iusquiami
431 3275 481 3315 om.
501 3276 523 3313 0.
614 3257 747 3313 cauliculi
765 3276 806 3328 cp.
895 3267 928 3315 21
947 3261 1072 3332 presenti
1087 3275 1106 3315 0.

99 3338 132 3386 22
152 3331 249 3385 mundi
268 3346 318 3387 om.
338 3347 360 3386 0.
468 3329 573 3401 frigide
591 3332 621 3386 01
638 3337 743 3398 equata
761 3348 848 3400 pusca
867 3347 894 3402 c,
915 3332 1019 3402 frigida
1036 3331 1106 3387 etin

99 3419 174 3473 aqua
191 3417 279 3472 pusca
292 3418 323 3469 p.
