2318 3788
504 178 719 243 ..22-

102 324 209 388 Gracci
234 323 348 405 lepidas
375 332 490 386 vocant.
531 323 610 384 unde
639 342 747 384 nomen
774 341 791 382 a
814 321 937 384 Graecis
966 323 1086 404 lepras

102 417 190 494 oepit.
231 423 351 476 creatur
374 432 412 474 ex
433 412 647 474 melancholico
670 411 809 493 humore,
831 420 863 472 et
885 413 931 473 e'st
955 415 1086 474 curatior

102 502 240 566 difficilis.

192 591 247 653 alia
274 610 345 652 vero
373 593 505 653 nascitur
532 591 657 670 simplex
684 592 807 652 veniens
833 609 870 650 ex
898 591 1026 652 humore
1059 610 1086 653 at

74 681 147 743 ovet
166 681 252 742 salso.
289 689 319 742 et
342 688 466 741 curatur
483 680 699 741 medicamento
719 678 853 740 scabioso
876 679 955 757 quod
979 683 1086 758 psorici

101 769 225 850 dieitur,
248 777 279 830 et
302 770 460 832 coniicitur
482 771 534 830 sic.
572 768 725 848 sulphuris
747 770 805 828 vivi
828 780 863 828 ÷
886 767 899 826 Ι
923 777 954 828 et
978 768 1014 849 S,
1044 772 1086 849 pi<

101 860 199 920 siccae
221 870 256 920 «ἰν
284 857 325 940 11,
355 877 440 919 cerae
464 856 575 939 ÷111,
604 857 727 936 squillae
762 856 852 917 medii
880 870 915 919 ÷
942 856 970 916 ll
999 867 1029 918 et
1064 858 1086 918 ol

100 945 208 1008 libram
230 946 256 1009 1:
278 948 447 1009 minutatim
470 947 584 1008 incides
612 945 748 1025 squillam
772 953 802 1005 et
829 946 921 1024 friges
944 948 975 1006 in
1000 946 1067 1006 oleo

100 1034 228 1116 liqnabis
251 1035 350 1098 oleum
374 1044 404 1097 et
431 1037 637 1116 supermittes,
666 1042 697 1095 et
718 1034 851 1096 resolves
880 1052 956 1112 quae
980 1035 1086 1096 solven

61 1138 88 1178 1⁰
101 1133 186 1207 sunt,
214 1133 244 1186 et
269 1130 428 1205 postquam
450 1126 563 1186 luerint
583 1123 715 1185 resoluta
738 1123 775 1187 ab
801 1125 870 1202 igne
896 1122 983 1183 tolles
1007 1132 1086 1184 etsi

99 1213 179 1294 pbur
215 1213 251 1274 ad
289 1213 422 1275 ultimam
460 1215 635 1275 tenuitatem
667 1214 772 1274 tritum
804 1230 1052 1294 superasperges‚

99 1301 233 1365 movebis
256 1303 352 1364 donec
375 1303 557 1382 coaguletur.

189 1391 268 1453 aliud
305 1394 445 1471 psoricon
481 1390 674 1471 emplastrum
706 1391 818 1451 iaciens
850 1391 886 1452 ad
919 1390 1052 1451 scabiem

99 1477 220 1560 lepram.
258 1480 356 1540 salicis
379 1482 500 1542 corticis
523 1479 671 1541 combusti
692 1487 723 1540 et
745 1479 804 1540 olei
827 1482 941 1540 rosacei
965 1494 1000 1543 ÷
1024 1479 1086 1540 bina

60 1582 87 1624 15
100 1586 186 1629 cerae
214 1576 245 1628 et
272 1570 424 1646 aeruginis
452 1587 536 1629 rasae
559 1581 594 1631 ÷
620 1568 763 1647 singulas:
797 1568 892 1629 solves
921 1587 1022 1628 ceram
1050 1588 1086 1629 ou

99 1655 165 1716 oleo
188 1674 319 1737 rosaceo,
345 1659 525 1717 cerotarium
548 1659 636 1718 siccis
656 1659 808 1737 praetritis
826 1655 1006 1718 admiscebis
1026 1660 1085 1718 eti

99 1743 192 1806 duces
214 1747 245 1804 in
268 1745 423 1806 linteolum
446 1754 476 1806 et
498 1763 643 1826 appones,
671 1754 701 1806 et
729 1754 798 1825 post
821 1747 944 1806 tertium
968 1745 1049 1807 diem
1072 1765 1086 1806 r

99 1831 195 1894 solves
218 1841 249 1894 et
272 1833 521 1894 medicamentum
547 1835 665 1894 auferes
693 1841 724 1894 et
751 1853 883 1914 appones
906 1833 1059 1914 polentam
1083 1859 1086 1890 t

99 1928 183 1982 aceto
211 1930 327 1983 coctam
353 1930 385 1982 et
411 1922 569 2002 diligenter
595 1925 709 2004 tritam,
737 1930 768 1983 et
794 1925 858 2002 ipsa
886 1925 981 1984 uteris
1011 1923 1086 1984 dieb

59 2009 209 2093 rotribus,
245 2018 277 2072 et
307 2013 418 2072 iterum
444 2019 513 2091 post
541 2010 692 2090 polentam
723 2011 929 2090 supradictum
960 2012 1086 2073 inductu

99 2116 238 2180 appones.
275 2099 401 2161 ethaeo
424 2101 515 2160 iacies
537 2118 634 2178 usque
657 2099 693 2159 ad
716 2101 880 2180 perfectam
906 2103 1073 2161 sanitatem.

169 2310 186 2358 2
210 2305 240 2360 et
263 2306 307 2359 est
325 2305 476 2360 curationis
499 2303 623 2360 difficilis
642 2321 669 2361 e:
694 2306 805 2360 etcum
824 2307 859 2376 (ὃ)
878 2305 1026 2361 curatione
1046 2307 1086 2361 dil

98 2374 146 2429 eili
159 2391 190 2444 p.
263 2379 365 2430 «locro
383 2392 405 2431 o.
486 2376 651 2446 osporicon
664 2392 710 2446 pe.
801 2383 849 2432 cet.
869 2378 904 2445 cf.
925 2377 993 2433 Oete.
1013 2377 1086 2446 V,s

99 2451 140 2501 16.
215 2446 466 2518 6÷=}c‚·;-p.
538 2447 858 2518 picis-(ilctom.p.
932 2448 1086 2518 91iquns1

98 2517 192 2570 oleum
210 2534 238 2572 c:
266 2533 317 2572 om.
332 2536 363 2589 p.
453 2519 575 2574 resolves
598 2534 625 2574 c:
650 2517 735 2573 solvis
753 2535 784 2588 p.
883 2525 916 2573 10
939 2521 1086 2589 resolute¹

98 2587 190 2643 soluta
210 2605 232 2644 c.
307 2595 338 2644 11
358 2590 484 2659 aspergis
497 2607 528 2660 p.
563 2636 567 2647 .
609 2595 642 2643 12
661 2605 755 2644 moves
768 2606 813 2660 pc.
906 2592 1072 2660 coaguletur

97 2660 281 2728 coegolentur
294 2677 336 2730 p„
435 2667 468 2716 13
492 2661 621 2730 sporieon
634 2677 673 2730 po
695 2661 751 2728 (sed
764 2667 800 2730 ρο
822 2661 973 2730 psoricon).
1061 2680 1086 2717 er

96 2729 255 2800 plaustrum
268 2747 300 2802 p.
337 2733 371 2799 ef.
387 2733 464 2801 empl.
481 2733 519 2787 od
537 2733 640 2801 lepram
658 2733 735 2799 opud
746 2731 792 2786 Pr.
810 2732 887 2787 Ptin.
902 2733 923 2799 f.
939 2732 999 2788 79¹³.
1084 2747 1086 2786 3

97 2800 249 2856 combusti:
269 2804 334 2857 -te
352 2819 393 2872 cp.
484 2804 513 2858 et
529 2804 597 2871 (bis)
614 2818 664 2857 om.
679 2818 710 2870 p.
796 2820 836 2858 ro.
851 2820 882 2872 p,
900 2803 976 2858 rosei
994 2821 1016 2858 c.

97 2872 178 2927 binos
196 2889 222 2927 o:
251 2877 296 2926 eri.
316 2874 432 2943 †11p.
525 2879 558 2928 15
578 2879 622 2929 air.
641 2877 668 2939 ἢ
686 2872 699 2925 Ι
712 2889 743 2942 p.
836 2880 869 2928 16
888 2891 927 2929 ro.
943 2893 975 2945 p,
994 2892 1076 2930 rosoo

97 2943 178 2997 siccis
205 2959 232 2998 c:
259 2942 330 2998 fecis
353 2960 385 3014 p.
476 2943 616 3014 preteritis
640 2943 750 3013 (ptine)
768 2960 814 3014 pc.
906 2945 1086 3017 admiscssp

96 3013 206 3068 inducis
220 3030 267 3084 pc.
358 3020 390 3069 1r
410 3013 578 3071 lintheolum
595 3031 622 3071 c:
648 3015 768 3082 leoteolo
781 3032 813 3084 p.
904 3017 934 3071 ei
951 3018 1075 3072 resolves

98 3090 132 3140 18
156 3084 310 3140 auferere:
336 3084 435 3141 afferes
449 3103 480 3155 p.
572 3088 601 3141 et
623 3101 748 3156 appones
772 3103 798 3141 c:
827 3086 902 3155 quod
921 3088 963 3156 (o)
982 3105 1086 3158 pones¹

96 3155 242 3226 polentem
261 3155 392 3221 (fonnem
415 3157 600 3213 hordeaceam
624 3174 658 3212 ex
675 3159 756 3212 noeto
774 3156 863 3212 Scrib.
882 3157 969 3227 Lorp.
989 3176 1012 3214 c.
1031 3165 1086 3215 252

95 3226 245 3296 pulentum
263 3244 289 3295 e,
315 3228 512 3304 goppolentum
526 3245 557 3298 p.
642 3245 675 3281 ex
689 3244 716 3282 e:
735 3227 804 3298 inp.
897 3233 1079 3286 recoctum.

96 3296 195 3352 tritum
210 3339 216 3352 .
232 3337 238 3349 .
255 3298 336 3368 .ipso
350 3315 395 3368 pe.
501 3305 535 3354 20
554 3298 703 3353 etiterum
721 3299 868 3367 polentem
881 3315 914 3369 p,
933 3304 1031 3356 caleni
1050 3318 1086 3370 po

95 3368 244 3492 polenium
262 3385 283 3426 c.
365 3370 513 3425 inductum
530 3385 581 3425 om.
596 3386 626 3439 p.
700 3376 732 3423 21
752 3369 839 3425 feries
857 3386 887 3426 c:
906 3371 978 3426 facis
998 3374 1086 3443 (serv

108 3439 180 3494 sctis
199 3443 263 3495 onte
279 3441 361 3509 corr.)
376 3457 407 3511 p.
