2318 3788
476 183 719 250 -210-

103 341 156 396 pp,
181 323 248 379 Sim.
274 339 295 379 s.
318 323 356 392 c.)
379 323 515 379 virtutem
542 323 572 378 id

105 400 147 450 est
167 395 384 466 glutinatoriam
402 400 445 449 39.

632 320 766 376 'febriam
793 321 853 378 sive
880 322 1018 378 discussio
1049 323 1109 380 fieri

644 392 719 449 solet
736 399 778 448 61.

86 461 280 536 κολλώδηςε
290 465 573 548 glutinosnmdegma
626 458 868 534 κροκυδισμόςτ
884 465 1067 522 crocidiamos
1080 466 1109 521 id

107 538 182 607 quod
198 537 299 592 Graeci
313 536 437 592 collodes
453 536 572 607 (cohode

104 625 173 734 9ῳί
192 606 316 734 ¹⁹pglliade
339 607 405 663 Sim
425 624 447 662 a.
465 610 501 678 c.)
523 624 570 663 vo·

107 697 160 735 can
229 721 235 734 .

86 747 192 807 κόλον
221 750 304 818 (ands
332 746 454 820 solmon:
482 749 570 805 totius

103 821 193 891 ipsius
212 819 353 889 intestini,
374 821 451 892 qnod
470 820 571 876 Graeci

105 892 238 948 consueta
284 892 367 947 colon
415 892 570 962 appellant,

106 963 181 1034 quod
225 961 364 1033 aliquanti
408 961 570 1019 inferiorem

103 1034 292 1090 ventriculum
324 1033 423 1089 dicunt
455 1039 489 1089 51
523 1034 570 1102 (cf.

106 1105 178 1161 Poll.
203 1111 233 1173 2,
258 1110 310 1161 209
334 1109 462 1160 καλεῖται
485 1099 570 1160 κόλον

104 1172 248 1231 acisclum
268 1175 379 1244 κοιλία).

86 1245 228 1314 notave:
247 1245 412 1317 pendigines
430 1247 477 1302 vel
495 1248 571 1303 sinus

105 1320 242 1388 (ulcerum
252 1317 320 1374 Sim.
329 1334 351 1373 a
362 1318 461 1388 colfos)
470 1317 571 1375 Graeci

106 1391 205 1460 colpus
217 1388 327 1460 (collus,
341 1389 419 1444 -fos
432 1406 469 1460 pp
483 1391 518 1458 cf.
537 1396 570 1445 19

105 1461 170 1516 colfi
187 1461 277 1530 ipsius
293 1462 322 1530 9)
340 1463 512 1516 vocaverunt
527 1466 569 1516 19.

105 1531 294 1601 encolpiaabia
304 1530 529 1602 (encolpismum)
540 1533 571 1588 ia

105 1599 144 1674 'ast
174 1601 274 1671 supino
303 1605 425 1657 scemate
452 1603 570 1658 iacentis

104 1673 135 1727 in
163 1672 254 1727 sinum
281 1671 407 1727 mulieris
439 1673 569 1729 infundes

105 1760 189 1812 quem
215 1742 316 1799 Graeci
339 1743 440 1812 colpon
464 1744 570 1813 (colion

101 1817 135 1885 p)
155 1814 301 1886 appellant
320 1819 362 1869 78.

85 1883 312 1954 κονδύλωμαι
380 1885 572 1942 condilomala

106 1974 178 2027 quae
191 1973 243 2012 nos
257 1956 347 2013 latino
361 1973 488 2014 sermone
503 1959 571 2014 dici·

105 2046 169 2083 mus
192 2028 340 2083 tubercula
363 2034 397 2083 74
425 2029 470 2098 (cf.
498 2028 571 2085 Oacl.

107 2101 162 2155 chr.
193 2105 222 2168 2,
247 2105 298 2154 129
321 2099 469 2155 tubercula
497 2117 571 2169 quae

107 2169 207 2226 Graeci
228 2170 427 2239 condylomata
448 2173 571 2254 vocant).

87 2242 227 2312 κοῦφοςτ
251 2241 411 2298 cucurbitas
436 2241 513 2298 cuias
540 2243 572 2298 ad

107 2314 150 2368 cst
167 2312 226 2366 levi
244 2329 308 2367 cum
326 2312 504 2384 appositione
524 2313 571 2368 de-

107 2384 192 2438 duces
212 2389 245 2437 71
265 2384 311 2452 (cf.
328 2383 400 2440 Occi.
419 2400 462 2440 oc.
484 2390 509 2454 1,
528 2389 571 2440 78.

108 2461 150 2510 79.
189 2454 244 2509 clar.
270 2461 298 2524 1,
324 2461 357 2510 77
380 2457 412 2510 ia
432 2456 525 2510 eadem
543 2472 573 2511 rc

107 2528 166 2596 cto.)
183 2569 189 2581 .
205 2568 211 2581 .
228 2568 234 2581 .
249 2527 313 2581 item
332 2525 435 2581 blande
450 2526 572 2582 deduces

89 2668 222 2740 κρᾶσιςτ
255 2668 386 2723 naturam
414 2667 473 2723 sive
501 2671 573 2725 tem·

107 2737 267 2811 perantiam
313 2738 436 2809 corporis
488 2757 573 2809 qnam

108 2809 208 2868 Graeci
236 2808 329 2864 masin
361 2810 510 2880 appellant
537 2817 571 2866 39

108 2883 169 2953 (udi
199 2882 303 2937 citatus
338 2879 461 2937 Galenus
493 2881 573 2937 libris

107 2953 287 3023 pericraseon
301 2951 453 3022 appellatis
467 2952 497 3007 in
510 2953 572 3023 qni-

107 3025 160 3079 bus
179 3024 215 3078 de
239 3024 429 3092 temperantia
448 3025 573 3094 corporis

108 3095 225 3164 scribit).
269 3094 422 3149 secandum
450 3095 572 3151 hominis

109 3167 200 3221 crasin
227 3166 258 3220 id
290 3166 334 3220 est
365 3167 495 3221 naturam
527 3166 573 3222 vel

107 3235 326 3307 temperantiam
345 3237 467 3307 corporis
488 3243 530 3293 73.

90 3303 253 3390 xpetessit:
288 3310 356 3391 sunt
388 3310 483 3392 autem
515 3308 574 3364 dies

101 3380 575 3522 77777777

645 537 689 591 est
706 535 841 590 flocomm
861 536 976 603 electio,
1002 536 1027 591 si
1049 538 1109 607 qui·

646 606 711 662 dem
740 605 838 677 digitis
865 607 1028 676 frequenter
1055 608 1110 678 ipsi

642 677 784 747 patientes
826 677 978 748 (frenetici)
1019 679 1110 750 operi·

643 750 739 802 menta
771 749 926 805 attractare
958 749 1111 806 videantur

643 824 684 874 62.
715 820 749 888 cf.
770 818 842 874 Unel.
862 835 906 875 oc.
927 827 956 891 1,
975 827 1019 878 21.
1048 826 1091 877 48.

624 884 757 947 κωδύαε
782 889 877 946 codias
899 891 931 946 id
953 895 999 948 est
1023 909 1110 963 papa·

643 962 716 1016 veris
754 960 873 1032 agrestia
906 963 1044 1034 capitella
1076 969 1110 1021 62

643 1027 786 1102 (μήκωνος
804 1028 939 1103 sadduc).

624 1097 843 1187 λαχαγώδηςτ
856 1104 1002 1160 holerosus
1011 1137 1044 1146 -
1054 1107 1110 1163 uid.

631 1175 800 1244 σιτωδης.
904 1214 906 1219 -

625 1245 866 1318 λειεντερικοὶε
898 1245 1042 1302 lienterici
1070 1248 1111 1303 di-

643 1319 744 1372 cuntur
768 1317 838 1386 qni.
854 1359 861 1372 .
877 1359 884 1372 .
899 1317 977 1374 cibos
997 1358 1003 1371 .
1021 1361 1029 1376 .
1045 1361 1051 1374 .
1068 1319 1112 1374 in·

643 1387 820 1458 digestos..
842 1391 1016 1458 amquam
1061 1407 1113 1460 per

641 1458 735 1514 levem
766 1458 968 1516 intestinorum
996 1461 1112 1531 lapsum

642 1532 761 1599 egerunt
782 1537 818 1585 47
842 1531 888 1599 (cf.
913 1531 986 1587 Istd.
1011 1538 1043 1600 4,
1067 1538 1112 1600 27,

642 1607 686 1656 37.
718 1602 873 1672 λειεντερίαι
893 1627 928 1648 =
947 1602 1052 1658 levitas
1071 1604 1113 1658 in·

641 1672 809 1728 testinorum
829 1672 918 1742 Octa).

623 1738 759 1813 λειχὴνε
809 1743 991 1814 impetigines
1041 1762 1113 1814 quas

644 1813 745 1869 Graeci
758 1814 884 1870 lichenas
899 1816 951 1884 (sic
969 1831 1017 1885 pp,
1030 1817 1114 1872 lichi-

643 1901 713 1940 unas
730 1888 754 1954 c)
774 1888 889 1954 vocant,
908 1887 1006 1942 Latini
1024 1889 1113 1959 vulgo

644 1972 741 2011 nemas
759 1956 906 2025 appellant
925 1963 967 2014 11.

625 2026 831 2096 λειχηνικόςτ
855 2027 991 2084 lnociscus
1015 2031 1115 2101 appel·

643 2097 719 2152 latus
737 2113 755 2152 a
769 2097 882 2154 Graecis
893 2098 1115 2174 lichenicos<i>

643 2169 758 2224 medens
776 2169 959 2240 impetigines
978 2177 1023 2229 11.

626 2235 858 2310 λειχηνώδηςε
913 2242 1113 2302 maculae...

644 2327 761 2381 asperae
775 2311 865 2368 veluti
879 2329 1023 2382 neruosas,
1043 2331 1115 2385 qnos

644 2380 744 2437 Graeci
777 2383 920 2438 ficsnodss
958 2385 1117 2455 (licedoncs

639 2470 662 2523 p
685 2469 746 2509 caua
769 2454 837 2511 Sim.
860 2471 882 2510 s.
907 2457 944 2525 v.)
961 2460 1070 2513 vocant
1088 2465 1113 2514 9.

626 2524 738 2591 leals:
767 2525 920 2582 corticoeas
948 2529 1115 2596 squamulae

644 2595 674 2650 in
689 2597 752 2651 cute
767 2597 919 2652 ostendunt
928 2615 999 2667 quas
1010 2599 1115 2656 Graeci

644 2665 754 2738 lepidas
773 2669 882 2724 vocant.
910 2668 986 2725 unde
1008 2685 1115 2727 nomen

614 2803 616 2807 7
645 2754 663 2792 a
686 2737 801 2793 Graecis
830 2739 910 2810 lepra
931 2740 1046 2811 accepit
1071 2748 1114 2799 15.

645 2825 729 2879 super
742 2810 859 2866 inducta
872 2810 969 2880 lepida
983 2813 1036 2881 (sic
1049 2816 1113 2884 pop)

645 2896 730 2950 quam
756 2898 807 2936 nos
835 2882 1015 2951 s'quamulam
1044 2885 1114 2940 dici·

644 2968 706 3006 mus
725 2957 769 3010 20.
881 2973 883 2979 ·

627 3019 731 3093 λήμης
747 3023 905 3094 egestiones
918 3024 978 3081 sive
991 3025 1113 3096 pituitas

644 3094 788 3150 oculorum
811 3111 881 3165 quas
901 3094 1003 3152 Graeci
1021 3097 1114 3154 lamas

643 3169 747 3221 vocant
761 3172 803 3222 29.
835 3167 870 3235 cf.
885 3166 964 3223 Dcss.
979 3184 1026 3238 ap.
1043 3169 1113 3225 Sim.

645 3254 666 3291 a.
690 3237 769 3292 lenas
789 3239 833 3306 (=
853 3237 928 3294 Gaas.
954 3241 1012 3295 cod.
1033 3243 1068 3310 p)
1089 3245 1115 3295 et

644 3323 665 3362 s.
682 3308 770 3364 lema:
789 3309 877 3364 lemae
895 3307 991 3379 inquit
1007 3314 1115 3367 vocant

645 3379 747 3435 Graeci
770 3396 859 3452 grans
878 3397 968 3450 parva
986 3381 1062 3438 sicca
1079 3398 1114 3438 ac

645 3450 716 3506 dura
747 3451 778 3507 in
809 3451 897 3508 oculis
932 3453 1114 3525 apparentia,
