2318 3788
489 171 710 237 ..76-

94 335 208 378 morem
231 336 267 378 cx
287 336 319 378 se
338 317 491 378 dimittens
510 320 541 378 in
560 327 703 399 utrasque
721 323 822 396 partes
841 317 974 392 saucium
993 325 1115 396 spargat

94 416 125 467 et
142 424 202 466 non
220 425 275 486 per
294 407 425 466 medium
444 405 620 467 destillando
638 405 788 485 pulmonis
803 404 993 467 altitudinem
1008 404 1117 487 laedat,

95 497 173 556 sicut
192 503 309 556 ceterae
323 513 397 556 uvae
412 495 532 556 iaciunt.
564 503 688 574 propter
702 512 737 554 ea
755 493 907 572 chirurgia
925 493 1116 572 prohibetur.

15 637 17 641 .
184 585 347 644 curationis
374 601 444 643 vero
473 590 608 662 tempore
635 585 667 642 in
694 584 759 661 ipso
787 584 872 643 initio
900 581 937 642 ad
967 600 1042 642 uvas
1070 590 1117 644 tn·

67 680 211 733 ementes
239 679 270 732 et
292 673 479 752 summissas,
507 689 581 750 quas
604 669 710 731 Graeci
735 669 976 731 oechalasmenas
998 680 1117 752 vocant,

95 771 125 821 et
144 759 328 820 tumentibus
348 759 484 820 lancibus
503 762 547 820 uti
568 767 687 839 oportet
705 758 752 819 dia
770 761 890 839 pityrou
909 762 1116 838 anagargaris·

94 857 186 929 mate,
213 848 243 908 id
272 856 318 908 est
346 867 382 908 cx
410 847 559 908 cantabro.
602 855 632 908 et
655 847 813 908 coniicitur
842 849 894 907 sic.
936 847 1116 908 cantabrum

94 956 155 998 non
183 938 272 997 nimis
295 936 436 997 calcatius
458 938 543 998 tenui
565 935 687 997 linteolo
714 935 858 1015 illigatum
881 937 984 997 mittes
1012 938 1047 997 in
1070 955 1115 997 ca-

95 1025 168 1086 cabo
197 1024 280 1086 fictili
309 1034 339 1085 ot
366 1043 443 1086 novo
471 1033 523 1086 aut
549 1033 632 1086 certe
660 1042 753 1085 aeneo
781 1031 917 1102 stagnato
940 1032 973 1086 et
1000 1024 1118 1086 adiecta

9 1140 23 1168 o
36 1126 82 1170 187.
97 1113 176 1174 dulci
200 1131 275 1192 aqua
298 1113 388 1174 addes
409 1114 414 1190 1
435 1116 544 1174 siccam
562 1131 660 1174 rosam
680 1121 710 1174 et
727 1112 871 1193 palmulas
893 1115 1023 1193 pingues
1042 1109 1116 1193 <et>

95 1201 236 1263 lenticula
269 1202 397 1263 admixta
429 1202 505 1263 sales
538 1201 753 1263 alexandrinos.
800 1204 898 1263 omnia
926 1201 962 1263 ad
992 1202 1117 1264 modum

95 1293 210 1372 mittes,
239 1299 269 1352 et
301 1309 412 1370 coques
440 1291 535 1352 donec
568 1290 709 1352 lenticula
741 1298 895 1370 coquatur.
932 1282 1010 1370 ‘post
1043 1290 1117 1352 haec

94 1383 194 1460 ipsum
213 1399 319 1442 sucum
342 1379 478 1459 liquahis.
515 1379 592 1440 bene
616 1387 815 1459 temperatum
835 1388 866 1441 ct
884 1396 945 1440 non
964 1381 1116 1442 viscosum

95 1487 152 1528 nec
174 1471 284 1529 iterum
307 1471 403 1529 nimis¹
415 1477 555 1548 aquatum
575 1469 699 1548 cilicias,
723 1476 754 1529 et
772 1467 870 1530 addito
889 1468 1008 1529 modico
1027 1467 1115 1530 mello

56 1572 82 1609 15
97 1556 271 1636 despumato
295 1557 539 1636 gargarizandum
560 1556 742 1636 patientibus
761 1555 845 1618 dabis
868 1574 929 1617 non
952 1558 1046 1618 nimis
1070 1575 1116 1618 ca·

95 1645 188 1706 lidum
216 1664 314 1724 neque
337 1647 449 1706 iterum
476 1645 624 1725 frigidum.
662 1647 773 1707 etenim
801 1648 827 1706 si
849 1645 992 1724 frigidum
1015 1646 1116 1727 inerit,

96 1732 281 1794 tumentibus
303 1733 438 1814 partibus
462 1735 668 1796 manifestatur
688 1752 753 1795 csse
773 1736 966 1796 contrarium.
1003 1736 1116 1796 iterum

96 1825 123 1882 si
145 1824 233 1882 nimis
258 1821 385 1883 calidum
409 1823 513 1903 luerit,
536 1822 600 1884 loca
623 1823 740 1884 fervore
764 1840 888 1884 accensa
910 1824 1015 1885 inurit.
1063 1823 1115 1885 scd

97 1911 208 1971 sufficit
230 1920 345 1973 tantum
365 1919 399 1973 ut
418 1910 583 1972 secundum
601 1918 714 1972 tactum
737 1920 872 1991 teporem
889 1909 998 1972 habeat
1020 1911 1116 1992 lactis,

56 2012 83 2052 ²0
97 2000 176 2078 qtrod
201 1999 305 2061 Graeci
328 2000 496 2079 galactodcs
516 2007 631 2061 vocant.

185 2088 363 2150 diacbrisma
391 2091 568 2150 stomaticon
595 2089 625 2149 id
653 2080 699 2150 est
725 2088 947 2150 inlinimentum
974 2091 1023 2150 ori
1045 2107 1114 2152 con-

167 2282 183 2330 2
208 2275 409 2331 destillandum
431 2293 461 2345 g,
485 2275 649 2332 distillando
673 2294 715 2346 cp.
823 2282 839 2331 5
862 2275 957 2331 thalos
982 2294 1115 2348 menasg

98 2346 181 2415 (taius
205 2354 282 2402 meas
300 2348 346 2416 p),
370 2347 559 2402 thalcamenes
584 2365 599 2403 c
620 2350 650 2419 (i.
675 2366 697 2402 e.
721 2345 933 2418 κεχαλασμένας
954 2347 1019 2405 Gal.
1035 2348 1115 2416 XII,

97 2421 152 2472 944
170 2421 237 2486 etc).
311 2423 327 2472 6
345 2415 524 2487 Diopitirona
547 2419 749 2488 gargarismate
766 2435 798 2488 g,
821 2416 975 2488 diapitiron
993 2435 1074 2491 gorg.
1093 2435 1115 2490 c,

97 2488 255 2558 diapoliron
291 2505 424 2558 anegarg.
458 2505 487 2558 p.
604 2497 620 2545 8
657 2490 792 2545 calcatius
826 2506 872 2559 gc:
910 2489 1052 2545 calcatum
1083 2507 1113 2561 p.

96 2558 184 2628 illi(ili
199 2561 323 2630 c)gatum
340 2576 385 2628 gc:
404 2558 524 2628 ligatum
538 2577 569 2629 p.
641 2561 731 2616 mitiis
748 2578 808 2631 gogo.
893 2559 924 2614 in
942 2562 1049 2617 cacabo
1064 2605 1070 2618 .
1085 2601 1113 2617 ..

98 2632 241 2699 stagnato:
261 2632 301 2686 sic
318 2646 378 2700 gap.
451 2636 467 2684 9
487 2635 562 2686 certe
581 2648 667 2687 aeneo
687 2634 766 2702 (eneo
781 2635 806 2702 o)
825 2633 957 2701 stagnato
972 2649 1020 2702 cp:
1040 2635 1113 2688 certo

97 2701 228 2770 plumbeo
247 2702 294 2756 vel
313 2703 429 2770 stagneo
448 2701 494 2756 vel
513 2718 582 2757 eneo
596 2720 626 2773 p.
737 2709 769 2758 10
788 2702 883 2757 dulcio
901 2719 974 2771 quae
991 2720 1011 2772 9
1030 2700 1115 2772 (dulci

98 2771 401 2912 tiltttttttltll
415 2773 1113 2915 timorist}fortitudinum-”tat

180 2887 185 2898 ·
376 2886 382 2898 ·
624 2889 629 2901 ·
669 2887 674 2899 ·
1106 2886 1114 2912 o

97 2920 171 2987 nitra
185 2935 219 3002 p)
242 2948 294 3002 ρῳ
317 2931 347 3000 (1.
371 2931 497 2986 admixto
523 2933 618 3000 Petu).
728 2938 761 2987 15
784 2935 817 2988 ut
839 2933 1077 3002 gargarizandum
1097 2949 1114 3004 u

98 3003 285 3073 (gargarizato
304 3019 326 3069 c,
345 3003 508 3072 -zandop
526 3021 576 3060 om.
595 3006 646 3070 ui).
719 3022 745 3059 n.
762 3021 788 3058 n.
808 3003 1030 3075 dabis(c'tcr1ou)
1050 3006 1115 3062 ooli·

98 3075 165 3128 dum
184 3091 206 3130 c.
289 3079 321 3128 16
340 3073 519 3144 frigidum..
536 3075 728 3131 ‚contrarium
747 3077 794 3143 (oc.
815 3077 1059 3147 anagargmismo)
1075 3077 1115 3132 cic

20 3148 24 3156 '
96 3161 157 3216 gog).
231 3152 263 3200 te
279 3145 714 3216 sufficittentum(t1‘nc)utgc:
734 3162 826 3214 omp.
900 3151 935 3200 20
951 3148 1114 3217 galactodes

96 3232 123 3284 g,
141 3215 289 3284 galatodes
308 3232 330 3284 c,
350 3216 526 3287 colotodesp
541 3218 588 3286 (cf.
602 3219 698 3272 Aorel.
714 3234 735 3272 c.
750 3219 804 3286 14).
891 3223 925 3272 21
941 3218 1114 3274 diecrissimo

97 3303 123 3354 g,
142 3286 290 3341 diacrisme
310 3303 337 3355 c,
358 3287 543 3358 diacrismap
566 3289 612 3357 (cf.
632 3284 972 3358 διάχριστοιστοματικαὶ
990 3292 1033 3345 ccl
1051 3286 1113 3344 διά-

97 3374 194 3425 χριστα
209 3354 362 3427 σωματικὰ
378 3358 479 3413 Galerii
494 3360 579 3427 XII,
593 3364 650 3415 938
663 3363 740 3429 agg).
812 3361 962 3416 stomatice
981 3361 1113 3430 (tomamo

97 3428 138 3480 sic
155 3431 180 3497 c)
196 3445 242 3497 gp.
346 3429 396 3485 boc
414 3429 515 3486 Galeoi
535 3431 593 3499 soit
616 3449 635 3487 a
653 3431 757 3487 Galeoo
776 3432 868 3500 primo
886 3433 1023 3489 tradituro
1040 3431 1112 3501 (itii,
