2318 3788
494 144 734 209 -1‘14-

102 292 227 353 maxime
251 308 375 373 pueros,
397 308 552 371 myrarum
576 299 607 352 et
628 297 741 370 myrtae
766 297 798 350 et
817 290 970 352 coriandri
992 294 1066 356 samir

102 384 234 443 omnium
258 383 350 442 trium
373 383 543 459 specierum
566 380 748 442 decoctione.

191 469 332 550 epithima
362 469 398 529 ad
436 468 599 530 lumbricos
633 467 834 530 excludendos
868 471 932 530 sive
964 469 1066 532 necand

101 561 210 639 recipit
237 558 349 619 farinae
374 557 472 638 lupini
494 559 687 619 tenuissimae
709 569 745 619 ÷
767 557 808 640 11,
837 557 981 620 absinthii
1004 567 1066 620 cont

73 657 131 710 aet
159 649 235 709 creti
260 646 346 728 ÷1,
372 654 485 727 myrtae
513 645 616 707 viridis
645 645 673 706 S.
717 648 817 709 mittes
845 648 878 707 in
906 646 1004 730 girba,
1031 655 1059 710 et

100 755 161 798 uno
189 735 348 814 diligenter
376 738 523 817 contusis,
551 737 663 815 optimo
692 735 778 796 melle
808 735 934 815 colliges
955 745 987 799 et
1010 736 1066 797 iul

101 825 179 887 teolo
207 823 347 886 illinitum
374 823 625 886 medicamentum
651 823 817 885 visceribus
845 824 954 886 mediis
976 828 1066 906 impos

101 911 257 994 aliquando
282 931 353 974 vero
380 914 597 974 medicamento
621 915 846 993 suprascripto
872 914 1066 976 admiscemus

190 1002 279 1064 aliud.
315 1001 444 1064 medulla
463 1004 582 1063 cervina
600 1001 666 1062 oleo
684 1001 814 1063 violaceo
833 1002 968 1065 resoluta
986 1022 1003 1064 a
1021 1022 1066 1065 ner

61 1107 86 1146 10
100 1093 226 1154 cervicis
250 1110 325 1172 quos
348 1099 486 1153 tenontas
509 1090 613 1152 dicum
635 1109 690 1171 per
714 1098 806 1152 totam
824 1093 942 1171 spinam
964 1110 1058 1172 usque

100 1200 203 1243 serram
226 1199 411 1262 perungues,
435 1189 486 1242 aut
508 1182 607 1260 ipsum
626 1179 725 1242 oleum
744 1179 908 1241 violaceum
927 1180 1066 1260 singulari

99 1271 281 1351 tepefactum
292 1268 581 1330 auribusinstillabis
593 1277 624 1330 et
636 1271 717 1349 ipsas
731 1287 873 1330 cavernas
885 1269 951 1330 lana
967 1269 1066 1331 obtrue'

189 1363 236 1420 sin
265 1377 337 1420 vero
361 1376 429 1420 etim
453 1359 590 1420 adiuncta
614 1358 762 1420 solutione
785 1360 900 1419 renuis
929 1359 1022 1420 fuerit
1043 1357 1066 1420 lo

99 1447 253 1509 brioorum
279 1449 378 1526 passio
402 1465 472 1509 cum
495 1465 667 1509 rasurarum
691 1449 857 1528 egestione,
888 1455 962 1508 tunc
985 1446 1066 1510 stulti

60 1550 85 1590 ra
99 1536 130 1596 id
153 1545 200 1597 est
228 1539 459 1616 constrictoriis,
489 1539 567 1597 sicut
592 1538 625 1596 in
653 1535 822 1615 dysenteria
849 1537 964 1598 inicere
992 1555 1066 1617 opor

99 1633 130 1685 et
161 1626 320 1703 propinare
353 1624 531 1704 plantaginis
559 1641 664 1686 sucum
692 1631 744 1685 aut
771 1633 910 1704 granatos
940 1625 1066 1687 acidas

100 1730 206 1774 sucum
240 1711 359 1773 coliculi
391 1722 442 1774 aut
472 1713 641 1774 limaturam
673 1730 768 1774 cornu
796 1716 909 1775 cervini
936 1716 969 1774 in
998 1714 1064 1775 mod

100 1801 238 1866 coclearii
261 1802 359 1863 unius.

189 1893 214 1951 si
246 1908 317 1950 vero
349 1898 469 1971 praeter
502 1888 616 1952 febrem
649 1890 741 1951 luerit
774 1892 874 1970 passio
907 1894 939 1952 in
977 1891 1066 1953 dioto]

59 1993 87 2033 ao
95 1978 300 2061 aegritudine,
328 1997 416 2059 quam
440 1978 546 2040 Graeci
573 1979 727 2040 chroniam
754 1987 875 2061 vocant,
905 1982 996 2041 etiam
1019 1989 1049 2042 et

98 2069 186 2147 pinos
221 2086 337 2130 amaros
369 2067 500 2130 edendos
532 2067 615 2128 dabis
645 2076 674 2129 et
706 2069 893 2129 santonicum
926 2071 1034 2130 caricis
1061 2071 1066 2128 l

99 2158 224 2218 missum
247 2164 278 2218 et
300 2159 401 2219 vinum
427 2157 598 2218 violaceum.

173 2315 187 2363 1
206 2309 356 2365 misarum:
376 2327 469 2364 rarum
487 2311 552 2379 (eie)
568 2326 596 2377 c,
614 2309 715 2363 nulaur
729 2326 752 2379 p
772 2309 882 2379 (nixari
895 2311 950 2380 μ’).
980 2311 1016 2378 cf.
1034 2327 1066 2365 no

98 2397 161 2434 rum
181 2380 210 2435 0.
225 2382 262 2437 A.
272 2398 303 2450 p.
317 2386 380 2436 539.
400 2386 461 2437 541.
552 2379 733 2450 aimiriep:
757 2383 932 2437 etnoctec.
1025 2387 1066 2436 2<

98 2450 185 2506 trium
210 2456 275 2522 spei
299 2469 328 2508 c:
353 2454 454 2506 horum
480 2451 567 2506 trium
587 2467 618 2521 p.
726 2457 742 2506 3
768 2451 826 2507 sive
851 2454 995 2509 necandos
1023 2459 1059 2522 pl

98 2539 186 2594 marg.
204 2527 266 2590 (osa.
282 2527 330 2592 p):
355 2523 413 2578 siue
431 2521 573 2578 necandos
592 2538 614 2578 c.
705 2528 722 2576 4
741 2522 833 2593 lupini
850 2522 940 2579 farine
958 2528 979 2578 i.
995 2541 1026 2594 p.

98 2594 182 2649 minoe
189 2611 210 2664 p
219 2595 324 2661 (Dicae,
334 2599 360 2662 1,
373 2599 453 2662 155)=
467 2596 585 2649 mentae
598 2593 645 2662 (ef.
655 2594 755 2663 infra).
824 2593 923 2650 viridis
937 2595 1028 2650 mittis
1039 2637 1064 2652 ..

100 2665 181 2735 girba
195 2682 217 2731 c,
236 2665 317 2735 girba
326 2681 356 2734 p.
430 2665 571 2735 ocolligis
585 2682 608 2734 c,
628 2669 682 2735 -g
696 2682 726 2734 p.
799 2665 919 2721 linteolis
931 2683 964 2736 p,
983 2667 1066 2736 -sslop

101 2735 239 2792 'lilliium
253 2753 284 2806 1²·
356 2735 450 2792 viscef
466 2737 560 2790 media
578 2753 599 2792 c.
672 2736 766 2806 iponis
780 2753 822 2806 ep.
896 2737 1066 2793 8medieam

99 2813 161 2862 tum
178 2813 196 2870 5
215 2823 231 2866 ς
251 2814 315 2876 (pro
335 2806 385 2878 SS)
409 2807 594 2863 admiscemus
612 2824 639 2874 e,
662 2805 758 2863 ml'rcir
781 2825 866 2879 supra
883 2807 967 2863 dictis
986 2809 1066 2864 admi

97 2895 241 3005 citra.
264 2877 636 3006 olocaustum
655 2880 711 2948 <⁸⁶⁶³
724 2880 946 3005 estuat}
965 2877 1066 3008 uu

99 3025 132 3072 12
152 2991 265 3077 auribus
284 3021 405 3076 stillabis
417 2993 455 3090 ’μ
475 3024 526 3077 aut
544 2967 687 3076 columboe
706 2968 770 3090 (sag)
788 3037 810 3078 e.
883 2968 951 3076 ssna
964 2996 1066 3078 obacro

97 3091 160 3160 (eie)
178 3108 205 3160 c,
223 3093 302 3147 lanas
321 3093 448 3148 obstruas
462 3109 492 3162 p.
568 3099 600 3148 13
616 3091 665 3146 Sin
679 3096 742 3162 p0e':
763 3091 793 3146 Si
811 3096 875 3148 aute
893 3109 962 3149 corr.
974 3111 1005 3164 p.

98 3162 257 3218 deeinbariie
276 3180 302 3233 c,
321 3164 468 3220 disinteria
481 3181 512 3232 p.
583 3163 687 3218 inicere
705 3179 756 3218 om.
776 3180 798 3218 e.
879 3171 912 3218 16
931 3165 1066 3235 propinat*

98 3250 126 3299 e,
144 3235 302 3289 -nandum
321 3252 353 3305 p.
462 3241 494 3290 1'1
515 3234 647 3290 cauliculi
670 3251 767 3291 sucum
781 3251 812 3305 p.
921 3240 956 3289 20
976 3235 1066 3291 cronia

98 3344 194 3422 acroia
208 3358 238 3408 p.
312 3341 548 3411 21sandonici1c,
568 3312 673 3416 sadf'icu
682 3358 713 3411 p.
787 3341 887 3397 caricis
896 3347 932 3412 12⁰
952 3341 1058 3412 (calicis

99 3427 174 3466 earm
193 3427 215 3466 e.
