2318 3788
10 302 51 345 l·
91 301 136 383 tur,
163 311 189 365 et
215 305 259 364 sic
287 305 461 366 tenuissime
495 314 578 368 oreta
607 315 637 367 et
669 308 700 368 in
728 326 788 370 uno
820 311 978 370 commixta
1010 313 1080 372 usui

89 399 261 454 reservantur.

320 551 462 614 XXXVll.
498 554 548 615 Ad
571 554 819 634 synanchioos.

13 760 16 765 Ι
152 677 338 759 Synanobica
364 679 456 757 igitur
482 677 581 757 passio
605 696 714 738 nomen
738 682 852 759 accepit
875 680 911 741 ab
936 699 971 741 eo
999 681 1078 760 quod

10 786 14 837 j
79 767 155 828 nimio
176 776 295 829 tumore
319 767 498 827 summitatis
524 765 610 845 gulae
634 767 680 827 vel
705 768 835 829 lancium
860 771 921 830 sive
944 770 1106 832 locorum⁵

10 848 14 859 '
76 855 171 934 nribus
194 857 377 918 nutrimenta
407 862 648 936 transvorsum,
676 857 802 918 interius
826 866 913 937 atque
937 861 1080 940 exterius,

10 953 12 957 '
73 962 131 1007 oum
152 944 328 1006 difficultate
352 943 559 1005 transvorandi
581 944 832 1023 praefocationem
856 947 944 1008 faciat
962 956 1080 1009 acutam

10 1030 12 1035 ’
70 1042 93 1096 et
109 1036 219 1113 iugiter
234 1035 427 1113 spirationem
446 1031 628 1112 patientibus
643 1042 732 1112 neget
748 1065 786 1076 -
804 1053 871 1095 nam
889 1034 995 1096 Graeci
1009 1054 1079 1097 con·

69 1125 175 1185 inuam
198 1121 245 1182 vel
267 1123 369 1201 iugem
392 1123 494 1200 syneoi
517 1120 677 1202 appellant,
704 1131 734 1183 et
757 1123 894 1184 similiter
917 1135 951 1185 ut
973 1124 1079 1204 laqueo

67 1211 262 1292 strangulatos
284 1210 445 1271 interficiet
468 1209 650 1290 laborantes,
680 1213 766 1272 cuius
793 1211 893 1290 laquei
920 1213 1080 1292 suspendia
1095 1227 1121 1265 10

64 1301 167 1362 Graeci
181 1298 333 1360 anebonas
352 1306 467 1380 vocant,
485 1298 565 1359 unde
584 1300 694 1360 iterum
714 1300 891 1378 synanchioa
910 1303 1008 1379 passio
1027 1319 1079 1361 no·

62 1393 200 1451 minatur.
233 1395 264 1449 et
282 1396 353 1449 sunt
372 1387 556 1449 differentiae
575 1389 722 1466 passionis
739 1387 823 1448 duae.
861 1407 920 1448 una
939 1397 986 1450 est
1004 1407 1080 1468 quae

10 1486 14 1532 t
61 1497 127 1540 oum
147 1479 264 1558 ingenti
283 1485 401 1538 tumore
417 1495 508 1557 supra
526 1476 674 1537 dictorum
694 1476 827 1538 locorum
847 1475 960 1538 visibus
987 1479 1079 1538 maui-

61 1569 196 1647 iestatur,
219 1565 274 1626 alia
293 1584 364 1626 vero
384 1567 542 1644 quae'sine
561 1565 622 1626 ullo
642 1574 759 1627 tumore
779 1566 917 1647 eflicitur,
942 1565 1080 1627 sensibus

60 1658 253 1738 cognoscitur
276 1662 393 1716 tantum
416 1672 484 1715 oum
509 1655 630 1715 minime
653 1663 684 1714 et
707 1654 867 1717 difficulter
891 1664 1079 1716 transvorare
1095 1666 1121 1706 1⁵

59 1747 216 1827 coeperint
243 1749 440 1823 aegrotantes.
490 1745 585 1822 ipsam
613 1742 742 1823 denique
765 1752 882 1805 veteres
912 1746 1081 1823 passionem

57 1837 195 1915 peiorem
219 1839 308 1911 atque
332 1834 450 1892 noxiam
472 1831 656 1913 adseverant,
679 1832 826 1910 siquidem
851 1832 886 1892 ad
908 1833 1080 1912 pulmonem

59 1925 150 1984 iaciat
177 1921 338 1982 decursum
371 1928 402 1981 et
428 1922 517 1981 tertia
549 1919 594 1980 vel
630 1928 735 1999 quarta
772 1920 819 1981 die
851 1922 1080 2000 praefocationis

57 2015 177 2093 ingerat
209 2027 325 2071 necem.
377 2011 522 2089 contingit
554 2016 654 2070 autem
682 2007 779 2069 medio
807 2011 911 2070 aetatis
945 2017 1081 2088 tempore

58 2098 241 2181 corporibus
264 2099 415 2177 frequenti
438 2106 555 2159 catarro
579 2099 745 2177 temptatis,
767 2099 840 2158 item
863 2116 899 2158 ex
922 2097 1082 2158 vinolentia
1097 2111 1124 2149 ro

58 2189 107 2252 vel
130 2189 239 2264 nivatis
264 2185 436 2266 potionibus
460 2195 511 2247 aut
534 2188 559 2246 si
584 2188 650 2265 quis
673 2194 741 2265 post
763 2186 988 2264 perfrictionem
1014 2203 1083 2246 con-

59 2287 180 2359 ceptam
204 2276 367 2355 derepente
391 2275 494 2336 calidis
517 2277 605 2335 nimis
630 2293 702 2335 usus
726 2274 817 2336 luerit
840 2274 972 2336 lavacris.

133 2436 151 2484 3
170 2429 212 2483 De
232 2428 419 2511 sinenqioisg
438 2427 483 2481 Ad
497 2427 649 2483 sinautioos
670 2422 726 2482 oum
745 2433 778 2482 37
799 2445 813 2481 9
832 2427 886 2494 (Αά
905 2427 1082 2482 sinenohioos

57 2503 118 2558 too.
138 2503 185 2570 9),
210 2501 253 2554 De
277 2499 422 2555 disinteria
444 2501 485 2554 sie
507 2516 530 2569 9
553 2499 702 2567 (sinantioa
725 2500 762 2553 od
785 2516 809 2552 o.
829 2503 896 2566 41³⁰
920 2499 952 2551 ira
974 2501 1081 2568 99999).

58 2572 234 2644 ligiturgr
259 2572 401 2636 auterno,
419 2586 470 2625 oro
485 2587 516 2639 9.
625 2569 779 2624 onimium
797 2571 971 2638 tumoresp,
995 2569 1083 2622 nimio

57 2647 226 2711 tumorec,
250 2659 314 2697 eum
337 2659 364 2695 n.
382 2611 449 2711 esp.
557 2641 682 2695 faucium
705 2640 839 2695 looomm
883 2639 942 2693 sive
967 2641 1037 2708 (sine
1056 2642 1082 2704 9)

60 2714 164 2785 quibus
182 2729 224 2783 99,
243 2712 367 2768 faucium
386 2712 432 2767 vel
450 2713 577 2768 locorum
599 2711 745 2782 quibuep.
856 2709 961 2765 tfacit
980 2710 1081 2778 (fuco)

58 2803 101 2856 99,
119 2785 253 2852 facibtp.
324 2782 466 2866 Singiter
485 2802 526 2853 sp
546 2800 591 2852 cp:
610 2783 714 2852 iugiter
734 2783 792 2837 sive
811 2780 973 2837 continuom
993 2800 1034 2850 sp.
1054 2799 1082 2849 9.

59 2856 215 2912 θιίιιοοίιιι
233 2871 284 2924 99,
308 2853 452 2909 sinetisc.
560 2856 676 2922 laqueos
699 2853 942 2922 transguletosg,
967 2852 1083 2920 laqueos

61 2926 307 2998 strenguilutosc
383 2925 1083 2994 1999999999-91999.1199999999

60 2999 249 3067 anthonesp.
329 2997 432 3052 iterum
450 3013 496 3066 ger
515 3013 566 3052 om
581 3013 612 3066 9.
698 2996 839 3050 sinanoioa
857 3011 908 3063 99,
929 2993 1084 3048 --thicoc

60 3076 137 3125 14⁵.
156 3070 270 3124 tentum
289 3067 466 3138 cognoscitur
486 3085 527 3138 99.
629 3073 661 3123 18
680 3067 815 3136 feeiatp
834 3066 878 3120 foc
896 3081 937 3133 cp.
1033 3064 1083 3119 III.

60 3140 117 3197 vel
140 3139 260 3208 ΙΙΙΙ.99
378 3145 410 3194 19
433 3139 537 3194 inferet
564 3156 586 3195 c.
694 3143 729 3192 20
753 3141 917 3205 canone,
940 3137 1082 3200 cataroe.

60 3210 192 3267 semotis
206 3227 223 3280 9
238 3209 366 3278 (tentetis
380 3213 413 3279 c)
517 3209 653 3265 violentis
666 3226 725 3279 999.
817 3214 849 3262 21
872 3177 1084 3275 peliriebionem

62 3281 176 3352 (i.1.‹tor
200 3297 287 3350 99999
310 3282 349 3350 92)
372 3297 402 3351 9.
425 3281 705 3350 perfricationemp,
729 3279 896 3350 frigioonem
925 3295 947 3333 9.
1048 3283 1084 3330 22

62 3351 212 3422 derepenti
229 3358 291 3422 99,
312 3353 376 3406 -be
394 3358 439 3421 pic
459 3355 537 3423 (—tc
555 3357 618 3408 ovete
644 3367 712 3408 corr.
727 3354 769 3422 9).
869 3349 1014 3419 calidum,

63 3439 150 3480 vacro
168 3439 183 3478 c
202 3422 327 3491 (lavaero
338 3425 381 3492 p)

117 3519 180 3559 cass
201 3521 527 3574 rrsmreru0r‚o.v.1r0se.
939 3514 961 3559 i»
