2318 3788
497 157 717 221 ..10-

98 304 229 365 dimittes
247 310 282 364 ut
301 308 443 382 operetur
462 319 557 380 usque
576 301 612 362 ad
636 301 778 363 ruborem
797 303 874 362 cutis
898 319 988 380 quem
1012 299 1098 362 Grae«

97 393 240 471 sinigmon
268 399 382 451 vocant.
426 397 498 451 tunc
521 392 552 451 in
574 390 715 451 balneum
736 393 850 467 mitteS,
879 397 910 451 et
937 408 1006 451 cum
1030 390 1098 450 suda

97 483 186 561 verit,
209 487 299 560 caput
321 481 353 539 iu
372 477 446 539 solio
469 487 504 540 ut
523 487 637 559 mergat
657 479 831 560 imperabis,
854 487 885 539 et
903 497 1023 539 omnem
1041 477 1098 558 cycl

97 572 282 632 curationem
304 565 501 644 terminabis]

52 737 83 791 ⁷⁶)
391 727 426 788 ll.
463 726 512 787 Ad
535 729 652 788 tineas
676 729 818 808 capitis.

186 853 294 912 'lineas
318 853 423 931 capitis
447 851 553 912 Graeci
575 851 699 912 achoras
726 858 915 912 vocaverunt.
957 869 1098 930 emergun

96 942 271 1020 frequenter
298 943 330 1001 in
358 943 440 1001 corio
468 941 573 1020 capitis
601 959 638 1000 ex
665 943 781 1001 viscoso
812 939 939 1018 quodam
968 958 1003 999 ac
1033 948 1098 1000 tene

97 1033 216 1090 cissimo
239 1029 365 1090 humore
388 1028 483 1090 mellis
502 1029 603 1111 simili,
627 1037 661 1090 nt
679 1031 769 1090 ctiam
787 1037 818 1089 et
842 1027 943 1088 ulcera
967 1030 1098 1089 cortieos

96 1118 241 1179 ostendat.

56 1219 82 1260 1⁰
184 1210 216 1267 in
239 1205 443 1268 curationibus
461 1214 561 1267 autern
579 1206 617 1266 ob
636 1208 819 1266 nimietatem
840 1205 976 1266 humoris
995 1214 1098 1285 oporte

95 1297 127 1356 in
149 1297 296 1376 principio
318 1297 525 1375 purgatorium
549 1295 634 1375 dare,
661 1304 696 1355 ut
719 1305 789 1355 sunt
803 1319 805 1324 ⁸
819 1296 965 1373 catapotia
988 1293 1098 1354 Galen

95 1403 171 1464 quae
200 1387 338 1464 superius
365 1387 397 1444 in
424 1385 561 1463 passione
586 1386 690 1464 capitis
719 1386 830 1463 scripta
855 1391 935 1444 sunt.
972 1385 1019 1442 sin
1043 1401 1097 1443 ver

94 1474 187 1533 fuerit
208 1491 297 1551 parva
320 1472 377 1532 hoc
400 1480 447 1532 est
469 1473 585 1532 modica
607 1472 764 1553 ulceratio,
792 1473 920 1533 sufficiat
942 1474 1043 1550 topica
1066 1472 1098 1532 ad

95 1563 205 1622 iutoria
223 1559 363 1620 adhibere
388 1578 463 1638 quae
482 1578 538 1620 nos
561 1561 664 1622 localia
682 1561 822 1641 dicimus,
845 1570 879 1621 ut
903 1567 949 1621 est
971 1562 1098 1638 psorico

56 1661 81 1702 1⁵
96 1649 344 1710 medicamentum
359 1648 395 1708 ad
410 1647 539 1708 scabiem
554 1653 647 1711 totius
662 1652 796 1728 eorporis
810 1651 937 1709 inferius
952 1651 1098 1727 scriptum

95 1755 150 1817 per
173 1737 237 1798 dies
260 1739 392 1815 quinque
416 1745 577 1816 praetonso
600 1740 734 1818 pressius
753 1740 848 1817 capite
871 1740 903 1798 in
927 1737 988 1798 sole
1012 1737 1061 1798 bis
1084 1741 1096 1798 i

95 1827 143 1887 die
167 1825 296 1906 fricabis,
320 1835 350 1886 et
373 1843 442 1885 cum
464 1826 574 1887 videris
597 1826 661 1887 loca
684 1829 808 1886 nimium
830 1826 1007 1906 humectari,
1030 1835 1098 1906 ptyq

95 1923 173 1975 mate
201 1912 315 1974 fovebis
335 1913 365 1973 id
390 1921 436 1973 est
459 1913 552 1975 calida
576 1933 651 1994 aqua
674 1917 705 1974 in
729 1933 787 1994 qua
806 1915 928 1975 decocta
947 1921 1018 1974 suut
1037 1932 1098 1975 rosa

52 2015 81 2056 577
95 2012 193 2064 murta
221 2005 313 2082 sicca,
347 2020 522 2084 cupressus,
547 1995 551 2086 l
576 2002 644 2064 rubi
674 2003 783 2063 virides
812 2005 960 2078 turiones,
989 2003 1099 2082 siliqua

54 2105 81 2146 2⁰
96 2110 219 2172 graecae
247 2091 322 2151 aridi
349 2092 432 2151 rami.
479 2099 509 2151 et
535 2098 692 2171 postquam
719 2092 942 2171 fomentaveris,
972 2092 1098 2170 cataplas

94 2188 172 2241 mate
200 2181 310 2260 uteris,
338 2177 395 2238 hoc
423 2187 469 2238 est
497 2179 652 2240 lenticulas
681 2188 712 2240 et
734 2182 863 2241 cortices
887 2179 923 2239 de
948 2179 1024 2239 malo
1049 2199 1098 2258 gra

94 2276 163 2329 nato
201 2285 312 2346 coques
351 2266 440 2327 simul
475 2269 507 2328 in
539 2286 615 2347 aqua
647 2276 678 2328 et
714 2276 795 2329 teres
832 2270 1004 2349 separatim,
1041 2276 1098 2329 tun

166 2409 180 2456 1
201 2402 321 2457 dimittis
340 2418 381 2470 ep.
464 2409 480 2456 2
499 2402 615 2472 finigmo
631 2420 661 2472 p,
680 2401 819 2472 limgmon
837 2420 858 2457 c.
932 2403 963 2457 in
980 2403 1098 2458 balneus

92 2474 183 2529 mittis
206 2491 232 2528 c:
256 2474 286 2527 in
308 2472 411 2528 balneo
435 2472 556 2528 dimittis
575 2491 604 2544 p.
713 2479 729 2527 3
759 2491 781 2528 o.
809 2476 842 2527 ut
868 2475 899 2528 in
928 2474 1000 2530 solio
1028 2493 1067 2529 m.
1094 2500 1098 2528 ι

92 2547 222 2614 mergant
244 2561 285 2612 cp.
396 2551 411 2599 7
435 2545 469 2611 cf.
494 2544 557 2599 Gal.
581 2549 646 2600 eale
668 2549 723 2613 top.
742 2544 808 2611 ΧΠ,
833 2551 887 2599 464
911 2547 1013 2614 (eupor.
1039 2546 1098 2601 xii

93 2622 145 2670 323
170 2641 204 2660 --
229 2615 336 2670 Oritas.
360 2631 452 2685 cuper.
476 2614 528 2682 iv,
558 2618 610 2684 12).
702 2615 824 2684 quodum
843 2633 879 2684 p:
904 2617 1048 2685 quondam
1074 2637 1098 2688 9¹

93 2693 110 2742 8
130 2688 158 2740 et
176 2702 226 2740 om.
244 2703 273 2755 p.
347 2692 362 2739 9
382 2685 532 2740 ostendent
544 2702 591 2754 pc.
679 2692 710 2738 11
731 2687 873 2759 catapotiq
891 2705 917 2756 p,
937 2688 1053 2756 —putio
1070 2706 1098 2757 p<

92 2756 210 2828 gallieni
227 2774 253 2827 p,
272 2755 379 2826 galieni
392 2773 438 2825 pc.
524 2761 557 2809 12
577 2756 696 2826 scriptae
714 2773 774 2826 ppo.
868 2763 900 2810 13
920 2758 974 2811 hoe
993 2760 1036 2812 est
1055 2777 1098 2814 mr

93 2828 157 2883 dica
174 2843 219 2898 pc:
239 2843 289 2881 oro.
304 2843 335 2895 p.
422 2826 562 2881 sufficient
579 2845 639 2898 ppo.
714 2833 747 2879 14
766 2827 895 2895 sporicon
914 2834 978 2882 arete
996 2845 1067 2884 corr.
1084 2849 1098 2900 p

95 2905 127 2953 16
142 2899 168 2953 V
182 2915 213 2966 p,
233 2898 272 2952 VI
289 2914 311 2953 e.
397 2900 547 2966 praetenso
566 2916 617 2968 pp:
635 2897 762 2968 precioso
781 2914 803 2952 e.
897 2904 929 2951 17
947 2898 1069 2968 frigebis
1083 2919 1098 2970 p

92 2970 213 3039 tigmete
232 2985 292 3039 ppo.
366 2974 399 3022 19
414 2969 509 3021 munte
521 2985 547 3036 q,
566 2970 652 3024 mirte
662 2986 707 3036 po.
780 2967 844 3022 rubi
856 2969 920 3022 item
938 2968 1060 3039 siliquae
1081 3002 1098 3012 -

91 3040 178 3096 uteris
201 3057 251 3094 om.
276 3056 298 3093 c.
335 3037 398 3092 rubi
420 3037 518 3092 viridis
542 3039 592 3108 (stc
614 3045 639 3094 et
661 3041 706 3108 ep)
731 3040 763 3093 io
781 3054 836 3092 raa.
855 3046 892 3108 9⁰.
984 3041 1098 3097 tutione

92 3110 133 3179 (id
160 3112 205 3165 est
231 3110 321 3165 cimae
342 3112 392 3180 90).
492 3108 610 3177 siliquae
634 3110 674 3180 (id
702 3112 745 3164 est
774 3126 863 3180 prunp
891 3109 1035 3165 silvestres
1063 3120 1098 3182 9⁰,

92 3180 171 3236 silice
185 3197 216 3250 p.
308 3185 341 3234 20
360 3179 454 3234 eridos
472 3195 564 3234 ramos
581 3199 600 3252 9
618 3180 675 3251 (-i
688 3182 745 3248 pc).
833 3185 866 3232 21
886 3179 1035 3236 Lenticule
1052 3201 1098 3252 pp<

92 3253 127 3306 de
145 3251 207 3320 ipsa
224 3251 322 3305 arbore
342 3251 376 3305 de
395 3249 471 3304 malo
494 3253 612 3318 moneto
636 3250 676 3320 (id
699 3253 743 3304 est
761 3249 795 3303 de
818 3249 880 3318 ipso
903 3250 1003 3305 arbore
1025 3269 1097 3321 seqre

90 3346 122 3409 9⁰
139 3341 189 3408 qut
211 3341 280 3395 delet
302 3340 373 3392 lolem
395 3339 427 3392 in
449 3339 536 3406 teuto)
555 3356 573 3408 p
592 3341 638 3410 (de
656 3338 733 3394 mele
754 3337 874 3406 granata
898 3342 962 3391 eote
980 3355 1052 3395 corr.
1071 3345 1098 3412 p]

93 3409 162 3465 meli
180 3408 292 3480 granati
305 3425 351 3477 pc.
