2318 3788
446 222 484 230 -
531 175 662 250 61'..

31 350 34 355 ·
74 331 139 391 etiem
163 339 193 393 ct
221 337 312 411 caput
343 329 450 410 frigida
477 329 667 411 lomentabis,
700 339 731 391 et
761 330 837 392 lines
870 331 999 392 frontem
1032 339 1062 391 et

75 435 139 480 cares
159 428 188 482 et
210 419 267 481 sub
290 418 387 481 oculis
405 438 497 499 gypso
520 437 611 498 posca
628 418 760 482 resoluto
780 427 831 480 aut
849 419 911 480 luto
930 419 1062 499 figulino,

75 515 111 569 cut
128 508 234 571 cocleas
262 510 394 570 minutas
421 526 491 569 cum
518 526 572 568 suc
599 516 676 569 teste
703 516 734 570 et
761 508 846 569 aloen
874 508 986 569 aridam
1011 515 1063 569 eut

75 593 151 672 gluten
171 601 324 660 murinum
351 605 403 658 cut
431 615 484 676 ges
507 604 610 658 cntera
633 596 663 656 id
686 605 741 658 est·
754 596 933 658 vermiculos
956 595 993 657 de
1016 614 1061 657 ar·

75 687 137 763 rugis
159 686 288 748 admixta
314 687 392 747 turis
419 703 528 746 manna
555 703 624 746 cum
652 688 700 746 ovi
726 685 793 746 elbo
821 693 851 746 ct
881 688 965 747 tenui
992 699 1089 746 con-o

75 776 133 834 teres
160 783 190 836 et
220 776 314 836 ironti
345 781 376 835 et
408 773 530 835 naribus
565 773 789 853 superinduces.
835 777 861 836 si
892 793 963 835 vero
995 791 1062 854 per·

75 865 191 926 manserit
212 864 366 943 sanguinis
388 863 479 944 iluor,
503 862 689 924 cucurbitam
710 881 849 943 praeraso
873 865 969 943 capite
993 881 1063 923 con·

74 945 251 1025 gludnauclam
287 953 426 1032 occipitio
463 969 594 1031 appones
631 970 698 1012 cum
732 954 845 1032 ingenti
880 952 997 1013 flemma
1033 960 1064 1012 et

74 1035 175 1112 plurimo
197 1041 342 1103 horarum
365 1049 499 1120 tempore
523 1040 745 1102 immorandum.
789 1041 869 1121 quod
893 1043 919 1101 si
941 1059 996 1101 nec
1020 1042 1064 1101 sic

74 1123 240 1205 abstinuerit,
263 1131 353 1190 etiem
372 1137 403 1190 et
421 1127 583 1190 scerilebis.
620 1131 662 1190 sic
681 1132 761 1190 enim
779 1131 892 1191 faciens
911 1131 1063 1210 sanguinis
1078 1145 1104 1185 ro

74 1210 232 1280 detractione
255 1218 332 1279 fecta
355 1220 472 1278 narium
494 1217 608 1278 lluxum
632 1217 768 1279 mederis.

141 1307 218 1369 eliud
241 1306 322 1386 quod
340 1305 506 1386 appelletur
524 1324 540 1365 a
559 1305 679 1366 Graecis
700 1305 748 1366 dia
766 1307 892 1385 slongon
910 1305 1064 1366 iscbcmon

73 1387 95 1448 id
113 1404 151 1456 est
172 1414 209 1457 ex
232 1396 355 1476 spongia
379 1395 548 1456 conlectum
571 1397 705 1456 retinens
728 1396 916 1474 sanguinem,
941 1401 972 1454 et
994 1411 1063 1454 con-

72 1475 149 1544 dcitur
175 1487 227 1546 sie.
270 1485 424 1563 spongiam
447 1501 552 1544 novem
582 1482 694 1562 liquida
715 1485 781 1563 pice
804 1483 934 1544 infusam
957 1481 1065 1543 cacabo

71 1579 129 1631 noro
156 1575 188 1634 iu
221 1573 310 1634 furno
347 1571 506 1633 combures
544 1571 642 1633 addito
675 1571 854 1652 cooperculo
887 1591 924 1632 ex
955 1570 1065 1651 argilla.
1080 1586 1105 1628 15

70 1652 157 1722 debinc
179 1660 338 1741 diligenter
360 1668 441 1722 teres
466 1669 496 1722 et
519 1661 640 1722 naribus
664 1661 775 1722 calamo
800 1659 976 1723 insufflabis.
1013 1659 1065 1720 sed

69 1755 168 1824 oportet
194 1752 293 1830 primo
320 1748 453 1829 glebulas
481 1752 646 1831 sanguiniS,
674 1768 749 1829 ques
777 1749 883 1811 Graeci
912 1747 1066 1811 thrombos

68 1837 211 1920 appellant,
242 1857 297 1919 per
330 1857 363 1899 os
391 1838 551 1918 depurgari
581 1857 618 1899 ex
645 1839 784 1899 melotide
812 1838 894 1898 molli
925 1837 991 1897 laun
1023 1839 1066 1896 in·

67 1924 149 1988 solute
177 1936 208 1990 et
236 1945 326 2008 posca
353 1927 465 2008 inlusa,
494 1935 524 1988 et
551 1929 595 1988 sic
625 1927 873 1988 medicamentum
904 1924 1066 1987 insufflare.

125 2150 260 2222 lirigide
274 2169 297 2220 c,
316 2150 396 2204 -dis
410 2150 479 2220 (fri')
494 2168 526 2220 p.
597 2149 663 2204 linis
681 2165 723 2220 cp.
796 2152 856 2204 bet
869 2149 921 2203 sub
937 2149 1026 2204 oculis
1041 2165 1067 2204 c:

63 2220 106 2276 snb
122 2223 219 2278 oculos
237 2225 300 2288 (om.
320 2226 357 2290 et)
369 2238 400 2291 p.
493 2224 522 2277 ei
539 2221 663 2277 resoluta
680 2238 702 2276 c.
776 2220 891 2276 deride
905 2237 941 2291 p,
965 2221 1067 2290 con(9)-

61 2291 133 2348 tritas
152 2310 176 2351 c.
248 2296 448 2362 dgesenteree
470 2311 504 2363 p,
527 2294 691 2363 gescendero
710 2309 732 2347 c.
804 2290 887 2346 id-
992 2291 1019 2346 ie
1034 2308 1067 2360 p:

59 2378 102 2419 om.
120 2381 143 2421 c.
218 2363 362 2418 oindncis
381 2380 422 2433 cp.
496 2363 828 2434 rconglucinendcoic)
844 2364 955 2433 c(-do
994 2365 1067 2432 etr.):

57 2467 102 2510 oro.
116 2469 148 2524 p.
222 2456 382 2522 80pponee
401 2453 539 2522 c(Petr.).
612 2455 641 2507 et
659 2470 723 2508 cum
742 2469 763 2507 c.
836 2453 921 2507 fleme
938 2469 965 2520 o,
984 2432 1069 2506 flabia

56 2527 153 2594 (simp
172 2523 296 2595 (flamine
316 2522 411 2593 Pete).
503 2527 567 2592 etp
586 2523 701 2591 (Pete.):
720 2523 751 2578 in
769 2540 792 2578 c.
867 2530 883 2578 9
902 2524 1035 2578 horarum
1054 2540 1069 2578 c

54 2597 165 2666 (Pete.):
185 2611 237 2650 osu.
253 2611 283 2664 p.
375 2596 525 2650 imorendn
538 2612 574 2664 p:
594 2596 666 2651 -de
683 2612 706 2664 c,
725 2595 797 2649 -do
817 2595 892 2650 Pedo.
982 2593 1023 2648 sic
1041 2611 1067 2649 c:

54 2684 102 2723 om.
121 2684 146 2738 p
167 2666 279 2733 (Pete).
371 2672 405 2721 10
428 2668 458 2720 et
480 2684 507 2721 c:
529 2683 617 2735 cm.p
639 2667 747 2736 (Peto).
838 2663 1007 2720 scerifioabis
1026 2681 1067 2735 cp.

53 2740 150 2794 deinde
162 2739 204 2793 sic
222 2737 297 2804 c(cf.
310 2734 411 2805 Petro:
431 2736 477 2792 Sic
492 2737 567 2793 enim
581 2737 725 2806 pacientes
738 2736 881 2807 sengmnis
895 2736 1069 2791 detractione

53 2810 129 2866 lecte
151 2827 178 2864 n.
202 2809 231 2864 fl.
254 2807 368 2863 mederi.
404 2813 538 2878 panim
559 2811 620 2874 (om.
641 2809 742 2877 primis
763 2809 864 2875 verbis)
889 2809 942 2863 cie:
972 2806 1069 2876 (sceri-

52 2881 170 2948 iicabis).
202 2879 280 2934 fecte
297 2877 407 2934 nerium
424 2881 488 2948 (cic)
505 2879 679 2935 detractione
696 2879 802 2934 fluxum
814 2877 925 2934 nemum
941 2877 1068 2943 mederis.

52 2968 99 3023 eqo
116 2967 152 3007 ec
171 2951 247 3006 Petr.
266 2951 366 3018 scripsi
383 2949 502 3020 faciens,
525 2968 559 3006 ex
577 2967 600 3019 p
622 2951 750 3005 mederis.
860 2956 893 3003 12
917 2947 1069 3019 dieffrogos

52 3024 146 3078 memo
164 3021 184 3076 i.
204 3020 343 3092 expongie
357 3021 494 3077 confectio
508 3039 531 3091 c,
550 3021 663 3091 dialogo
682 3021 790 3076 cholmi>
805 3022 858 3088 (cel
871 3018 990 3088 lbefino)
1004 3036 1069 3075 con-

52 3094 128 3149 fecto
146 3110 179 3163 p.
220 3093 270 3147 ubi
293 3091 400 3147 ediemo
423 3109 480 3148 oon
502 3099 540 3148 est
562 3109 617 3162 pro
637 3091 754 3161 ἔναιμον
774 3094 816 3160 (ot
834 3091 898 3146 Gal.
916 3091 981 3157 XII,
1006 3092 1069 3158 376)

52 3166 99 3221 ced
116 3165 264 3233 echemon,
282 3168 315 3218 ut
332 3163 412 3231 iufra
429 3181 452 3220 c.
471 3168 509 3220 38
527 3170 552 3219 ct
570 3165 637 3219 Sim.
656 3180 677 3218 s.
694 3180 718 3218 o.
738 3162 909 3232 (dieefongos
930 3162 1069 3232 chemon).

56 3241 89 3290 14
106 3236 148 3291 sic
166 3251 217 3290 om.
236 3251 259 3289 c.
367 3235 472 3290 cacabo
492 3266 525 3275 -—
544 3235 647 3306 argilla
663 3235 727 3302 (cic)
751 3251 778 3289 c:
808 3233 927 3288 caccabo
949 3234 1070 3289 infusam

53 3308 105 3372 (cic
126 3308 240 3374 immun)
263 3307 293 3360 et
315 3305 421 3360 addidet
436 3308 583 3376 coperculo
606 3306 709 3378 argilla
732 3304 836 3360 circum
859 3305 949 3361 linies.
991 3307 1020 3361 eb
1040 3306 1072 3360 in

54 3378 137 3433 furno
160 3378 316 3433 combures.
349 3377 462 3447 (dehinc
479 3381 538 3447 etc.)
553 3395 584 3449 p.
693 3383 726 3432 17
750 3377 846 3432 orobos
868 3393 899 3444 c,
918 3377 1037 3455 concisse
1054 3392 1077 3439 s

56 3449 258 3519 (trumboeff).
325 3453 357 3504 18
372 3465 402 3504 os
417 3464 443 3505 c:
458 3449 510 3506 bos
523 3467 552 3523 p.
617 3451 765 3508 excotex
776 3465 823 3520 co.
890 3443 1105 3500 mensuum·
