2318 3788
96 397 266 486 Incipiunt
295 394 446 486 capitula
473 393 575 464 huius
604 392 687 463 libri

235 522 320 610 (sec.
351 516 453 588 codd.
482 518 553 607 pc).

23 814 82 882 pitis
104 814 231 868 dolorem
252 813 366 882 (cepha-
422 811 524 864 XXXV
543 811 586 864 Ad
611 813 751 865 tumorem
771 809 903 863 faucium.

23 890 62 954 ep).
422 881 540 935 XXXVI
559 883 603 935 Ad
621 881 824 936 ulcerationem
842 879 903 934 fau-

23 974 84 1010 neas
105 955 215 1024 capiiis.
459 953 541 1006 oium.

23 1028 159 1082 radiculos.
421 1023 551 1077 XXXVII
569 1023 614 1077 Ad
633 1022 795 1078 sinancicos.

23 1099 165 1166 spillorunr
175 1095 367 1150 defluxionem.
422 1094 567 1148 XXXVIII
586 1095 630 1161 Ad
648 1095 796 1149 teianioos.

25 1169 153 1238 opiciam.
422 1165 580 1219 XXXVIIII
599 1165 642 1218 Ad
664 1165 843 1235 emoptoicos.

25 1240 182 1293 aniabriem
203 1238 313 1306 capitis.
423 1237 470 1290 XL
490 1235 534 1289 Ad
552 1236 696 1306 pthisicos.

23 1314 109 1364 ionius
124 1310 142 1363 i.
159 1309 279 1378 papillas
299 1324 368 1377 quae
423 1307 486 1360 XLI
504 1307 549 1360 Ad
568 1307 739 1361 asimaIicos.

23 1386 52 1435 lu
71 1382 231 1434 nascuntur.
423 1377 499 1431 XLII
517 1377 562 1431 Ad
581 1377 719 1431 stomachi
738 1376 890 1446 passiones.

33 1453 158 1506 maculas
178 1451 264 1505 albas.
423 1449 513 1502 XLIII
545 1448 589 1501 Ad
627 1449 811 1518 spleneticam
844 1465 905 1518 pas·

23 1524 30 1575 I
48 1523 175 1576 maculas
194 1522 297 1590 nigras.
461 1520 576 1574 si0nem.

23 1595 153 1648 uniones.
424 1590 905 1660 XLIIIIAdepaticampassionem.

23 1664 190 1734 mpeiigines
210 1663 226 1717 i.
247 1681 350 1718 zcrnas.
425 1662 500 1714 XLV
519 1663 563 1714 Ad
581 1679 680 1715 renum
699 1661 832 1715 dolorem.

23 1752 162 1790 verrucas.
425 1732 513 1786 XLVI
531 1732 576 1785 Ad
594 1732 704 1787 vesicae
723 1732 873 1801 passiones.

35 1807 180 1875 stigmata.
424 1803 527 1856 XLVII
536 1803 580 1856 Ad
591 1803 739 1858 colonicam
746 1803 906 1872 passionem

23 1878 30 1929 I
48 1876 127 1931 labia
145 1874 262 1930 hiantia.
461 1877 490 1927 et
508 1874 701 1928 defluxionem.

25 1947 155 2001 scabiem.
425 1945 541 1998 XLVIII
559 1943 602 1998 Ad
622 1944 811 1999 disenteriam.

35 2017 218 2088 pruriginem.
425 2015 553 2068 XLVIIII
571 2015 615 2068 Ad
634 2014 772 2071 icterioos.

23 2089 201 2158 [parotidas.
425 2086 446 2139 L
466 2085 509 2140 Ad
528 2085 633 2140 ventris
657 2087 686 2140 ei
708 2085 905 2140 intestinorum

24 2161 41 2212 d
61 2159 252 2212 collectiones.
460 2155 681 2211 reumatismum.

23 2231 57 2283 ld
77 2229 251 2299 pendigines.
425 2228 461 2282 LI
480 2228 524 2281 Ad
543 2226 661 2282 colicam
681 2230 710 2282 et
728 2227 851 2282 iliacam.

23 2302 137 2354 fistulas.
425 2301 475 2354 LII
484 2301 528 2353 Ad
538 2300 694 2369 podagram
703 2302 732 2354 et
741 2299 906 2354 artriticam.

37 2372 215 2441 cmpicmata.
425 2370 488 2424 LIII
513 2369 557 2424 Ad
585 2369 747 2424 isoiadicam
776 2372 806 2424 et
834 2369 907 2440 psia-

23 2444 33 2496 l
53 2443 244 2496 carbunculos.
462 2440 562 2496 dicam.

23 2515 45 2566 ‚d
64 2530 168 2567 reuma.
425 2510 500 2565 LIIII
520 2513 564 2566 Ad
583 2511 735 2581 paralisim.

22 2585 57 2638 ld
76 2585 171 2654 ignem
191 2600 308 2637 sacrum.
425 2582 474 2635 LV
493 2583 538 2637 Ad
557 2585 730 2651 quartanam.

23 2656 28 2708 I
49 2671 175 2709 araneas.
426 2654 490 2707 LVI
509 2653 554 2707 Ad
573 2653 770 2708 emitritaeum.

27 2726 176 2779 dscrofas.
426 2724 502 2778 LVII
539 2725 583 2778 Ad
622 2725 714 2794 tipum
754 2722 907 2779 scuranum

23 2797 57 2850 Id
77 2799 255 2850 steatomata.
462 2795 650 2851 manifestum.

26 2868 70 2921 Ad
90 2867 198 2920 aurium
217 2866 350 2921 dolorem.
426 2866 514 2920 LVIII
528 2867 573 2921 Ad
586 2866 679 2936 tipum
689 2866 841 2921 acutianum
851 2881 908 2918 non

53 2938 97 2991 Ad
131 2939 276 2992 oculorum
309 2955 371 3006 pas·
462 2937 650 2992 manifestum.

427 3008 528 3062 LVIIII
552 3010 596 3063 Ad
613 3008 706 3078 tipum
726 3006 905 3063 cotidianum.

23 3080 31 3132 I
50 3081 156 3133 fluxum
175 3079 318 3149 sanguinis
338 3095 372 3133 cx
426 3080 475 3133 LX
494 3080 538 3134 Ad
557 3080 699 3135 efemeras.

23 3170 49 3205 Is.
426 3150 489 3204 LXI
507 3150 552 3204 Ad
571 3167 681 3206 causon.

23 3221 44 3274 d
67 3221 195 3290 polipum
215 3223 243 3275 et
263 3238 372 3276 ozenas.
426 3221 502 3275 LXII
520 3221 565 3276 Ad
583 3222 740 3277 freneticos.
783 3236 786 3241 ’

23 3294 57 3346 Id
77 3293 203 3346 dentium
223 3293 357 3348 dolorem.
427 3291 515 3346 LXIII
534 3292 578 3347 Ad
597 3292 749 3360 litargicos.

28 3364 72 3416 Ad
90 3364 189 3416 tussim
209 3363 363 3420 humidam.
428 3363 530 3417 LXIIII
548 3364 593 3418 Ad
611 3363 764 3418 cardiacus.

41 3436 85 3488 Ad
103 3434 204 3488 tussim
223 3434 340 3491 aridam.
428 3433 503 3490 LXV
530 3436 576 3492 Lu
591 3434 794 3507 apopxex'uam.
