2318 3788
496 145 714 210 ...44-

98 300 271 354 steatomata
303 299 455 353 vocantur.
500 309 569 352 nam
601 290 707 352 Graeci
741 290 859 371 adipem
892 298 974 352 stear
1007 290 1115 353 dicunt

98 389 263 443 nascuntur
290 381 465 460 frequenter
492 382 523 441 in
551 379 720 441 articulosis
748 387 779 440 et
805 381 943 440 nervosis
971 378 1048 442 locis
1073 378 1118 440 vel

98 470 276 532 musculosIs
291 477 321 530 et
335 468 559 548 cartilaginosis.
587 476 617 528 et
631 467 768 529 similiter
781 475 816 528 ut
830 469 947 529 scroiao
966 475 1118 529 curantur.

318 627 446 688 XXVIII.
483 627 531 688 ld
555 629 698 689 aurium
721 626 892 687 dolorem.

71 768 84 808 a
187 754 312 813 Aurium
332 751 449 812 dolores
468 752 640 812 efficiuntur
659 769 695 812 ex
713 750 902 811 antecedenti
922 751 1121 831 perfrictione

99 860 135 902 ex
158 840 266 919 frigido
294 848 382 901 vento
410 840 499 901 flante
528 847 580 900 aut
608 858 644 900 ex
671 839 795 900 lavacris
822 837 940 918 IrIgidis
969 846 1022 900 aut
1047 857 1123 919 aqua

98 932 130 990 in
158 931 221 1008 ipsa
249 946 374 990 caverna
405 929 552 990 auditoria
575 929 711 989 irruenti.
749 935 800 989 aut
823 946 859 988 ex
883 936 1004 988 tumore
1028 945 1122 988 mem·

98 1017 208 1077 branae
228 1035 317 1096 supra
339 1017 435 1078 dictae
455 1017 617 1077 auditoriae
638 1034 780 1077 cavernae
803 1024 856 1076 aut
878 1016 992 1077 sanlola
1015 1015 1124 1078 fluenti

99 1114 151 1166 aut
182 1107 358 1167 ventositate
390 1105 505 1166 inclusa
536 1113 686 1166 tumorem
713 1105 841 1165 iaciente
869 1113 922 1166 aut
952 1104 1123 1166 sordiculae

60 1211 85 1250 10
99 1193 146 1255 vel
168 1201 432 1274 purgamentorum
456 1193 630 1255 obtrusione
654 1194 744 1274 lacta,
767 1211 837 1255 cum
859 1195 975 1254 exitum
999 1194 1124 1254 minime

99 1282 237 1344 habuerit
260 1301 350 1362 supra
374 1283 452 1344 dicta
474 1283 650 1362 ventositas,
674 1280 792 1342 dolores
815 1282 998 1343 ellicIuntur.

189 1373 352 1432 curationis
380 1380 479 1432 autem
506 1379 642 1450 tempore
670 1371 701 1429 in
728 1372 793 1448 ipso
823 1371 910 1430 initio
933 1369 1048 1430 doloris
1073 1370 1124 1431 ali·

100 1477 158 1538 qua
182 1478 218 1519 ex
241 1459 401 1538 praedictis
424 1459 460 1519 ad
484 1457 616 1519 dolorem
641 1459 746 1537 capitis
770 1460 910 1537 superius
934 1460 1049 1538 scripta
1074 1476 1124 1520 ex·

99 1549 249 1608 trinsecus
273 1546 407 1607 athbcri
430 1546 573 1607 sumenda
596 1546 784 1626 mandamus,
807 1564 842 1606 ea
865 1564 936 1606 vero
956 1565 1034 1625 quae
1053 1564 1123 1627 pro·

60 1651 86 1691 15
99 1636 165 1714 prio
187 1637 219 1695 in
242 1637 316 1714 ipsis
339 1637 473 1695 cavernis
497 1633 679 1696 instillantur
702 1653 783 1695 nunc
806 1635 949 1696 dicemus.

191 1723 226 1783 ad
250 1722 383 1782 dolorem
406 1724 532 1785 aurium.
574 1730 730 1802 gesentera
757 1722 788 1783 id
812 1730 858 1783 est
880 1723 1063 1785 vermiculos
1088 1724 1124 1784 de

101 1813 220 1891 arrugia
246 1820 298 1872 aut
326 1828 448 1871 araneas
476 1819 527 1872 aut
554 1810 661 1871 asellos
688 1829 763 1891 quos
792 1810 898 1871 Graeci
927 1813 1049 1871 oniscos
1081 1812 1123 1872 di-

101 1907 174 1960 cunt
209 1932 248 1944 —
282 1908 448 1960 nascuntur
479 1901 510 1960 in
541 1900 691 1961 humectis
722 1899 795 1961 locis
828 1898 985 1960 hominum
1009 1907 1124 1962 tactum

174 2059 188 2107 1
208 2069 287 2107 secar
306 2069 327 2106 c.
413 2058 430 2106 3
449 2050 648 2121 cartillagiosia
665 2068 691 2121 p.
781 2053 859 2108 stit.
878 2052 924 2106 Ad
942 2051 1055 2107 aunum
1074 2053 1124 2108 do-

101 2123 190 2177 lorem
209 2123 272 2192 (dot
285 2123 313 2192 9)
331 2139 372 2192 pc,
390 2121 431 2176 De
444 2122 540 2176 dolore
555 2121 665 2176 anuum
674 2140 705 2190 p.
779 2128 865 2176 5-11
881 2122 1009 2177 dolorum
1023 2139 1125 2178 cosmoe

101 2219 135 2238 =
155 2193 218 2248 Gal.
238 2188 321 2260 (κατὰ
340 2189 415 2261 τόν.)
434 2192 500 2259 XII,
520 2197 571 2246 599
589 2193 675 2256 (uada
691 2192 883 2248 Pseudo-Gal.
903 2195 1027 2262 armorici
1047 2194 1122 2261 XIV,

101 2269 154 2318 330
173 2265 208 2330 cf.
230 2263 279 2317 Tio.
302 2262 391 2317 Prisc.
411 2262 437 2330 Ι,
458 2268 494 2331 7),
593 2261 827 2331 operiricationa
842 2280 873 2331 p.
976 2263 1043 2318 lin
1060 2258 1125 2334 ipsa

60 2342 64 2348 '
102 2349 222 2388 caverna
239 2338 286 2388 etc.
305 2333 385 2400 (abl.)
402 2349 461 2402 pop.
569 2332 688 2387 uiuenti
710 2352 728 2404 9
753 2333 823 2402 (-ti
841 2335 923 2388 etiam
942 2336 995 2402 cp).
1107 2341 1124 2390 8

101 2404 199 2459 fluenti
216 2420 259 2474 pc,
279 2405 342 2458 -te
356 2420 387 2473 p.
460 2409 476 2458 9
496 2403 608 2458 sordida
627 2405 691 2473 (pro
711 2405 818 2472 -clai)
836 2421 871 2474 p,
890 2403 972 2458 sorde
992 2421 1016 2470 c,
1035 2406 1125 2460 sordi·

102 2474 187 2545 desp
207 2477 251 2545 (ex
274 2474 402 2529 sordibus
425 2473 519 2542 Pete).
628 2480 661 2528 10
681 2473 843 2530 obtrusione
861 2493 892 2544 p,
917 2475 1079 2531 —truticna
1092 2494 1124 2547 p,

101 2546 257 2600 ostruaione
276 2563 291 2599 c
309 2543 496 2614 (obstrusione
515 2544 611 2614 Pete).
724 2551 756 2599 12
770 2545 866 2612 aliqua
885 2561 931 2614 cp:
950 2545 1081 2614 aliquam
1098 2563 1124 2618 9.

103 2623 136 2671 13
160 2617 277 2698 scripta:
303 2616 438 2684 scriptam
486 2656 495 2683 ,
520 2613 597 2670 dicta
622 2617 668 2683 vel
693 2616 798 2684 scripta
819 2616 884 2683 (sic)
906 2631 934 2680 c,
959 2616 1074 2685 scriptis
1094 2636 1124 2687 p.

103 2693 137 2742 14
155 2687 285 2742 adhiberi
303 2684 439 2740 sumenda
457 2632 569 2754 (⁹-dnn
586 2688 615 2756 9)
633 2688 674 2743 cic
691 2704 724 2757 pc
742 2684 888 2755 (sumenda
905 2701 956 2740 om.
971 2689 1014 2756 p).
1092 2695 1125 2743 15

101 2758 132 2812 in
150 2757 218 2828 ipsis
238 2757 377 2813 cavernist
396 2756 436 2811 sic
453 2772 513 2826 pop.
600 2757 718 2813 dicimus
738 2773 778 2826 cp.
869 2762 901 2809 16
921 2756 958 2810 ad
977 2758 1034 2826 (Ad
1054 2761 1078 2828 c)
1098 2759 1124 2813 d.

103 2830 431 2955 atrectatu
473 2821 819 2969 astruamus:
837 2829 1125 2964 >²

102 2988 139 3043 pp
158 2973 204 3038 (cf.
226 2971 329 3037 Proca:
349 2939 478 3038 ancingis,
497 2985 518 3024 c.
610 2969 720 3023 oniscos
738 2985 768 3037 9:
787 2965 896 3021 aniscos
910 2982 946 3034 p,
966 2917 1127 3027 oniam

104 3047 137 3097 18
162 3043 195 3096 de
217 3043 319 3096 miscis
341 3040 374 3093 ic
396 3041 485 3093 eodem
510 3045 669 3107 arpameato
694 3040 735 3095 cic
756 3054 790 3092 aa
812 3037 976 3105 Asclepiade
1000 3040 1128 3098 Galenus

103 3111 181 3180 (XII,
205 3114 280 3181 634):
309 3111 381 3176 ζῶον
405 3108 437 3164 δέ
458 3107 515 3164 ἔστι
537 3106 684 3163 πολύπουν
704 3105 735 3164 ἐν
758 3114 817 3168 τοῖς
839 3102 974 3194 &depecta
998 3105 1128 3199 ἀγγείοις

104 3184 151 3251 (cf.
169 3181 250 3249 XII,
269 3185 433 3237 641et623
452 3196 486 3236 ea·
499 3181 653 3250 Archipirata
668 3175 736 3241 τούς
750 3174 797 3233 ἐπὶ
815 3183 877 3237 ταῖς
894 3178 1009 3242 adolete
1028 3190 1129 3253 ονους)

104 3252 155 3308 καὶ
173 3248 205 3309 ἐν
228 3259 290 3315 ταῖς
313 3253 444 3321 complace
462 3245 656 3320 γεννώμενον,
680 3245 754 3304 κατὰ
778 3245 810 3303 δὲ
829 3243 881 3308 τὰς
898 3247 955 3300 τῶν
974 3249 1129 3309 δακτύλων

106 3319 264 3393 incopiosae
279 3317 500 3393 οφοιιοοόμονον.
574 3327 608 3376 18
623 3319 770 3376 humidum
782 3319 892 3372 tantum
907 3317 926 3370 f.
942 3334 957 3371 c
972 3321 1014 3387 (act
1029 3323 1130 3380 Simon

104 3412 125 3450 a.
146 3397 269 3451 miscite
286 3391 434 3448 humidum
451 3394 547 3447 tamen
566 3390 606 3460 f.).
