2318 3788
490 177 718 242 ·-88—

100 336 185 387 aceto
218 326 301 386 dabis
338 324 483 403 frigidam.
538 323 636 384 bieme
668 339 739 382 vero
776 321 907 400 tepidam
945 337 1009 381 cum
1039 318 1089 376 vm

101 417 228 495 styptico
256 414 353 495 dabis,
381 421 411 474 et
438 421 539 491 cetera
566 430 641 491 quae
670 410 807 471 similiter
835 411 1035 488 constringere
1057 399 1090 462 ul

101 503 307 583 conglutinare
331 504 456 582 possint.

191 594 279 651 etiam
298 599 329 651 et
350 593 488 670 potiones
506 590 673 669 aptissimas
692 587 776 648 dabis
799 605 876 666 quae
894 587 1009 648 valemt
1024 594 1094 646 reru

74 679 321 760 boonglutinare,
343 686 379 740 ut
402 688 448 740 est
469 677 608 758 polygoni
631 676 740 737 herbae
763 676 888 737 radicis:
912 671 1096 754 decoqueslu

101 786 178 846 aqua
200 786 296 846 usque
320 767 356 828 ad
379 769 498 829 tertiam
521 774 637 846 partem
658 773 689 826 et
711 764 803 826 addes
825 767 938 826 cummi
961 763 1097 843 diligenter

101 859 205 917 tritum
234 855 395 917 sufficienti
428 855 529 936 modo,
561 864 592 916 et
622 856 707 934 potui
738 853 822 914 dabis
854 853 953 914 hieme
985 848 1099 931 tepidum

101 952 213 1005 aestate
236 944 386 1023 frigidum.
423 944 511 1006 aliud.
547 945 697 1023 pumicem
715 942 858 1003 leviorem
877 949 929 1002 aut
947 960 1004 1002 run
1026 939 1099 1020 syria·

43 1045 83 1085 174
102 1051 171 1094 cum
193 1035 224 1092 iu
248 1035 317 1092 vino
338 1034 342 1108 Ι
363 1041 483 1094 austero
507 1032 656 1111 decoquas
676 1033 708 1091 in
731 1030 839 1092 cacabo
863 1048 941 1091 novo
964 1038 995 1091 et
1013 1022 1099 1090 exind

60 1135 87 1175 1⁰
100 1123 209 1182 iciunis
241 1123 393 1200 potionem
427 1139 517 1182 unam
548 1129 580 1181 et
611 1120 734 1181 alteram
766 1119 802 1180 ad
834 1137 991 1199 vesperam
1025 1117 1099 1178 dabis

103 1208 240 1270 similiter
263 1216 374 1271 aestate
398 1209 534 1290 frigidam
558 1208 656 1270 hieme
679 1207 818 1288 tepidam.
856 1207 945 1269 aliud.
986 1213 1099 1287 gesastol

101 1307 132 1359 et
159 1297 286 1378 amylum
314 1317 385 1359 cum
411 1317 501 1379 posca
528 1299 734 1377 propinantur.
775 1296 864 1357 aliud.
906 1298 1022 1376 ptisana
1048 1309 1099 1356 con

100 1386 186 1466 adipe
218 1389 340 1466 caprino
372 1395 503 1448 recente.
553 1382 675 1465 <aliud>
709 1386 829 1465 symlyti
864 1385 976 1446 herbae
1007 1384 1099 1445 radici

100 1477 197 1535 siccae
229 1485 331 1554 partes
358 1477 446 1557 duas,
476 1483 644 1554 gesastoros
671 1482 703 1534 ot
729 1473 817 1553 amyh
844 1481 947 1553 partes
975 1471 1099 1553 singulas

60 1577 86 1617 m
100 1562 184 1622 dabis
212 1562 392 1624 coclearium
419 1582 513 1625 unum
541 1581 610 1624 cum
637 1581 712 1641 aqua
740 1562 860 1640 frigida,
888 1561 988 1623 bieme
1012 1561 1099 1642 tepida

101 1649 180 1711 aliud
207 1652 283 1730 picis
311 1653 408 1712 siccae
435 1660 537 1731 partes
564 1651 651 1732 duas,
684 1650 848 1730 specularis
881 1653 972 1711 assati
1003 1658 1099 1731 parton

101 1757 190 1799 unam
213 1747 295 1800 teres
318 1748 349 1800 et
372 1740 478 1800 exinde
505 1742 606 1800 ieiuno
629 1738 713 1801 dabis
736 1739 916 1810 coclearium
938 1757 1032 1801 unum
1057 1740 1099 1800 sin

100 1826 198 1888 hieme
222 1829 284 1887 sive
307 1837 418 1890 aestate
442 1846 510 1903 cum
538 1846 628 1908 posca
656 1827 770 1906 frigida.
812 1827 902 1889 aliud.
944 1827 1099 1907 diaslongor

99 1915 137 1976 ad
164 1918 281 1976 narium
309 1919 462 1996 sanguinis
488 1917 602 1977 fluxum
635 1917 771 1978 similiter
799 1919 946 1996 scriptum
980 1918 1097 1997 superiu

173 2216 186 2262 1
206 2209 272 2264 vino
291 2208 406 2279 stiptico
425 2226 472 2280 cpe
497 2209 612 2279 stiphico
631 2207 718 2280 <vino
737 2209 801 2266 add.
822 2227 892 2266 corr.
912 2214 986 2268 inter
1005 2213 1099 2284 lim>5

99 2281 267 2348 3possunt'
280 2285 344 2335 ante
367 2296 436 2335 corr.
458 2297 484 2351 9.
594 2283 667 2335 dut
689 2282 734 2336 esi
755 2282 793 2350 (e)
817 2298 864 2351 pc,
887 2285 921 2336 ub
943 2287 1010 2338 suni
1035 2286 1099 2354 (s)1

99 2350 135 2416 cf.
156 2349 230 2405 Patr.
245 2367 276 2419 p.
295 2355 370 2418 226,
388 2356 438 2408 22.
546 2351 689 2421 poligonis
712 2355 810 2421 (supro
831 2359 863 2422 9⁰
884 2353 917 2406 ad
940 2355 1099 2426 corrigiolot

98 2420 203 2476 herbae
217 2420 352 2492 radicesp
366 2421 513 2492 (poligomi
527 2422 579 2476 hei
592 2421 674 2476 radix
684 2439 706 2492 c,
720 2422 846 2492 poligoie
860 2423 948 2480 herbe
962 2426 1067 2481 radicis
1076 2425 1099 2495 p]

99 2493 210 2547 eaodem
220 2493 359 2561 potionem
372 2493 452 2548 hahet
466 2493 512 2547 Ps.
527 2491 589 2547 Gal.
606 2493 694 2560 XIV,
709 2497 765 2549 365
778 2497 904 2563 (capon).
971 2503 987 2551 6
1003 2495 1099 2552 cummi

98 2562 239 2617 cuminum
258 2579 289 2632 p,
308 2562 442 2618 ciminum
456 2580 493 2633 p,
512 2563 576 2618 -ni
595 2581 616 2620 c.
720 2571 735 2618 ‘1
755 2564 943 2621 sufficientem
962 2568 1078 2622 modum
1094 2587 1099 2620 r

97 2656 115 2706 8
133 2639 272 2722 pbmrcem
290 2667 317 2720 p.
389 2667 434 2707 ros
452 2651 625 2722 sy(i)riacum
642 2669 702 2722 pop.
777 2659 809 2706 11
829 2653 1010 2724 frigidum..
1027 2653 1099 2726 ,lapi

96 2723 165 2777 dum
189 2738 249 2791 pop.
321 2781 323 2785 ,
358 2721 505 2778 Gesastere
527 2726 661 2794 plsopra
682 2740 800 2779 uuormo
825 2725 881 2794 9⁰),
906 2729 1099 2796 gesasloraq

97 2797 211 2848 -terea
220 2799 263 2862 ρο.
349 2798 382 2846 12
402 2794 530 2848 amilum:
548 2810 637 2863 sopra
654 2793 785 2865 similago
803 2801 840 2864 9⁰.
932 2798 1099 2867 propinante

96 2881 124 2920 c:
149 2867 269 2918 -nabur
295 2879 339 2934 pp.
450 2870 485 2918 13
511 2864 601 2919 aliud:
632 2867 661 2920 ei
682 2881 743 2948 pop.
780 2867 816 2933 cf.
839 2868 912 2922 mom
1024 2869 1099 2924 simfit

98 2935 200 3004 (-fisti
219 2935 244 3004 c)
262 2951 322 3004 ρῳ,
342 2933 469 3004 simphili
483 2942 526 3004 1⁹⁰·
630 2936 739 2990 radicas
758 2941 822 2991 onte
841 2953 910 2993 corr.
929 2955 955 3008 9.
993 2941 1099 2995 haesit

95 3007 228 3061 distinxit
245 3023 280 3075 p:
310 3004 427 3061 Plisano
454 3023 477 3060 c.
507 3005 552 3060 od.
582 3023 606 3061 c.
634 3007 664 3062 et
691 3007 819 3076 simphihi
843 3009 871 3062 h.
897 3009 967 3067 tad'.
997 3011 1099 3066 oonbrit

96 3077 271 3133 comedenda
284 3077 375 3132 datur.
408 3076 461 3131 ΑΓ.
495 3076 622 3146 simphili
635 3077 722 3133 herbo
741 3077 801 3132 rod'
822 3078 895 3133 sicce
913 3083 1010 3149 partes
1028 3082 1056 3135 II
1069 3086 1099 3135 eta

96 3148 132 3214 of.
148 3148 219 3202 Patr.
230 3165 261 3217 p.
276 3153 345 3205 226.
421 3153 454 3202 14
472 3149 629 3217 gesasberos
645 3165 707 3217 pop,
727 3151 886 3205 -astereos
900 3157 937 3219 12⁰
955 3153 998 3222 (ut
1011 3153 1099 3220 supro

99 3224 131 3272 15
151 3233 215 3272 cum
233 3249 267 3258 -
286 3221 343 3289 (11)
368 3218 436 3274 eocl.
459 3235 546 3272 unum
572 3235 622 3274 om.
643 3235 665 3275 o.
774 3224 807 3274 16
827 3221 958 3290 specular
976 3222 1099 3292 assatio

97 3291 133 3358 (et
155 3303 242 3357 capro
263 3295 294 3358 9⁰
317 3291 400 3358 spat).
437 3290 470 3345 de
492 3290 586 3359 lapide
607 3291 744 3359 speculari
770 3291 804 3357 cf.
829 3291 892 3346 Gal.
918 3291 1016 3348 XIII
1017 3335 1026 3360 ,
1052 3297 1099 3348 665

98 3364 131 3416 18
150 3358 290 3441 diafrigon
308 3375 336 3429 9,
354 3359 402 3414 dio
420 3359 540 3429 slongon
558 3377 581 3427 c,
601 3360 730 3430 diolrbgo
748 3377 775 3428 p.
852 3368 884 3416 19
905 3363 1037 3418 similiter
1054 3378 1099 3432 pos

95 3446 224 3499 superaus
242 3447 283 3498 op.
536 3447 544 3461 ·
