2318 3788
490 204 729 269 ..148-

186 352 217 411 in
255 348 460 412 curationibus
492 367 563 409 vero
595 350 734 428 primitus
767 358 924 430 aegrotum
956 349 1091 428 trisperno

98 438 336 520 cataplasmabis,
364 439 394 498 id
418 446 465 499 est
487 436 584 500 tribus
607 435 772 499 seminibus
795 457 832 499 ex
861 439 941 501 laeui
964 437 1056 517 graeci
1072 440 1093 494 et

97 529 220 589 seminis
249 528 303 588 lini
333 535 365 588 et
393 526 499 588 hordei
525 525 687 606 pollinibus
721 544 791 588 cum
819 545 896 606 aqua
921 535 959 588 -et
988 525 1049 586 oleo
1072 529 1093 582 et

99 615 215 678 modico
238 615 325 677 melle
353 619 513 677 concoctis.
556 623 587 676 et
613 623 771 696 postquam
801 614 907 677 tuleris
931 613 1094 695 cataplasmc

69 707 162 784 oipsa
184 705 249 766 loca
267 704 362 766 calido
386 703 496 767 sabano
519 703 657 784 deterges
681 712 712 765 et
734 703 800 765 oleo
825 706 946 766 arretino
968 701 1095 783 tepefacto

97 811 278 874 perungues,
298 801 328 854 et
347 796 390 854 sic
408 793 474 854 lana
497 793 608 854 munda
629 811 663 854 ac
682 792 764 854 molli
782 795 901 873 operies
920 802 951 855 ct
968 788 1095 854 lasciabit.

98 884 188 942 etiam
215 890 245 943 et
272 881 388 961 oxymel
415 882 531 943 diurnis
559 881 665 944 diebus
695 883 805 943 ieiunis
828 899 899 943 cum
921 899 997 962 aqua
1018 881 1096 960 apuu

98 969 191 1031 calida
214 969 306 1032 dabis.
342 973 425 1033 norit
448 974 528 1032 enim
551 970 780 1033 crassitudinem
805 969 952 1050 flegmatis
974 967 1097 1031 incidero.

99 1061 187 1119 etiam
214 1069 245 1120 et
272 1061 375 1120 urinas
403 1078 508 1121 eorum
535 1058 711 1140 provocabis
734 1078 771 1120 ex
800 1059 976 1121 decoctione
1003 1059 1058 1138 apii
1076 1063 1098 1115 et

59 1162 85 1202 ιο
99 1147 220 1210 feniculi
249 1148 383 1210 radicum
418 1151 539 1209 cortice.
585 1150 674 1208 etiam
707 1157 737 1210 et
764 1156 901 1209 ventrem
932 1147 1036 1228 flegma
1060 1144 1098 1205 de·

100 1235 278 1298 ducentibus
315 1245 346 1299 et
383 1239 525 1298 vomitum
562 1255 599 1298 ex
631 1235 781 1298 radicibus
812 1235 996 1316 provocabis.
1043 1241 1098 1316 post

100 1324 173 1387 haec
197 1325 338 1406 epithima
362 1325 408 1387 dia
432 1334 604 1405 spermaton
626 1342 766 1405 appones

432 1484 492 1545 LX.
528 1484 576 1544 Ad
600 1477 785 1568 eJlemcras.

190 1607 346 1687 Simplices
373 1607 473 1668 febres
501 1607 743 1687 Hippocrates
773 1609 919 1669 elemeras
951 1607 1100 1690 appellarit,

61 1711 87 1752 15
101 1698 190 1759 sicuti
204 1695 359 1758 Galenus
378 1695 415 1756 ad
429 1694 611 1757 Glauconcm
624 1695 760 1757 scribens
778 1699 875 1776 primo
894 1695 971 1758 libro
988 1695 1100 1759 edocuit.

101 1792 132 1846 et
154 1787 330 1864 contingunt
357 1785 532 1864 frequenter
555 1802 592 1846 ex
615 1783 803 1846 antecedenti
830 1783 932 1846 labore
961 1793 1014 1848 aut
1033 1786 1100 1845 rino
1141 1760 1144 1837 l

99 1874 190 1935 lentia
221 1882 272 1935 aut
304 1873 458 1934 iracundia
489 1882 540 1935 aut
571 1875 693 1935 tristitia
720 1881 772 1934 aut
802 1891 839 1934 ex
867 1871 1101 1953 indigestionlbus

60 2040 62 2045 ³
100 1973 152 2024 ant
179 1962 276 2042 aliqua
303 1965 481 2042 cogitatione
509 1964 600 2023 animi
630 1961 812 2038 vehementi,
839 1961 999 2041 aliquando
1026 1969 1055 2024 et
1073 1975 1101 2020 ex

61 2069 63 2074 ·
99 2054 256 2133 inguinum
274 2050 386 2132 dolore,
407 2053 545 2131 quotiens
564 2050 737 2130 glandulosa
759 2059 879 2131 praeter
898 2050 996 2132 aliqua
1015 2050 1101 2112 ulcera

59 2157 88 2198 ao
102 2141 215 2202 fuerint
237 2142 300 2219 ipsa
323 2141 452 2218 inguina.

154 2282 190 2358 ⁸1·
207 2275 371 2344 inspermon
390 2291 416 2344 c,
435 2273 616 2344 tdsperimon
631 2292 661 2345 p.
758 2275 937 2346 ifenugreci
956 2292 983 2344 e,
1005 2268 1068 2346 fang
1077 2287 1101 2341 t·
1140 2252 1144 2381 l

101 2347 192 2401 3hm
215 2361 265 2400 om.
280 2361 311 2415 p.
419 2346 561 2400 usabano
574 2362 610 2415 p:
635 2362 739 2416 sapone
758 2362 780 2403 e.
896 2352 1101 2418 dpernngesp.

99 2419 167 2472 lena
185 2433 211 2472 c:
231 2433 296 2471 eum
314 2416 381 2472 lena
394 2432 426 2486 p.
504 2432 538 2471 ac
556 2433 584 2472 e:
602 2419 632 2472 et
645 2434 676 2487 p.
759 2417 852 2487 operis
870 2433 913 2487 cp.
996 2414 1017 2474 ‘t‘
1031 2417 1144 2474 atim·

100 2492 143 2544 et:
163 2488 250 2542 ctiam
264 2505 296 2558 p,
315 2491 345 2543 et
363 2505 384 2544 e.
458 2487 579 2543 oximell'
601 2505 623 2556 c,
643 2487 747 2544 oximel
755 2506 787 2558 p.
859 2487 1000 2544 diuurnis
1019 2488 1102 2544 dicbus

100 2577 128 2630 c,
147 2560 245 2615 diebus
264 2559 404 2613 diuturnis
417 2575 448 2626 p.
538 2558 645 2614 ieiunii
665 2576 686 2615 c.
778 2577 842 2614 cum
861 2559 960 2630 epicla
979 2558 1102 2626 calidep.

100 2649 165 2687 cum
184 2629 375 2699 aquatepida
396 2630 477 2699 pinio.
494 2629 588 2684 calida
606 2647 629 2687 c.
738 2637 754 2684 8
772 2630 896 2686 incidere
910 2647 946 2701 p:
971 2631 1073 2687 aeidere
1086 2641 1103 2680 ⁶·

102 2701 225 2788 betium
244 2717 295 2756 om.
315 2717 329 2755 c
352 2706 377 2755 ct
395 2705 459 2755 note
477 2716 546 2757 corr.
560 2717 592 2770 p.
685 2708 718 2757 10
740 2701 819 2784 radic
840 2717 881 2770 cp.
973 2701 1072 2758 cortice
1086 2712 1102 2760 a

101 2790 195 2901 nit
211 2860 234 2911 ο,
257 2772 868 2926 atlantiaco}tibitibi.
882 2773 1046 2912 ...ill
1058 2766 1103 2899 tl.

101 2932 198 2970 moron
215 2916 275 2971 ind.
288 2916 329 2984 p).
404 2919 438 2967 14
455 2930 574 2983 ypocras
588 2931 611 2985 c,
628 2915 863 2985 ypocratmoletls
882 2931 911 2983 p.
984 2915 1104 2972 afemore

102 3005 129 3054 e,
149 2986 287 3042 effimeras
301 3001 331 3054 p.
413 2985 555 3055 appell'an‘a
569 3002 605 3055 p,
624 2986 720 3042 -labu't
738 3002 760 3042 e.
834 2991 867 3039 15
885 2985 1016 3056 galienus
1033 3003 1059 3055 c,
1079 2981 1103 3037 G.

101 3060 204 3127 (simp
224 3057 300 3126 (Gal.
321 3056 386 3125 XI,
405 3061 444 3125 6).
535 3056 647 3113 edocuil
665 3074 692 3124 c,
714 3056 859 3141 aodocenit
877 3072 909 3126 p.
1001 3064 1035 3113 to
1052 3071 1104 3114 oon·

101 3147 189 3216 tingib
207 3163 248 3217 cp.
329 3144 465 3200 violentie
477 3163 513 3216 p,
536 3145 681 3202 vindemie
699 3164 713 3201 c
731 3146 777 3216 (cf.
796 3142 889 3217 μέθας
908 3146 994 3218 Gal).
1079 3145 1104 3198 tt

103 3242 121 3289 e
143 3221 202 3304 alrip
228 3235 374 3307 cogitaco'e'
396 3234 485 3290 animi
507 3253 534 3304 e,
558 3235 607 3289 nui
629 3235 694 3290 filiis
719 3235 793 3322 (aliis
810 3241 847 3305 p⁰
868 3236 901 3289 iu
923 3240 1022 3309 marg.)
1041 3232 1105 3306 cogi·

102 3323 258 3379 tentionibus
276 3324 363 3380 animi
377 3342 408 3394 p.
492 3324 673 3380 vehementer
691 3325 781 3393 (—1'fit
793 3324 826 3394 p)
844 3340 886 3393 cp.
975 3330 1005 3382 et
1021 3342 1069 3382 om.
1080 3337 1104 3392 p·

102 3412 137 3449 ex
155 3394 212 3465 ing.
232 3395 327 3450 dolore
342 3395 494 3465 (concingib
511 3396 577 3451 add.
587 3398 634 3465 pl:
654 3391 700 3450 tet
716 3396 838 3468 βουβῶσι
851 3395 916 3451 aaz.
992 3404 1026 3454 19
1039 3396 1105 3469 glan·

96 3465 198 3521 dolose
209 3468 282 3535 pler
297 3466 396 3538 alique
416 3466 490 3525 ulc’a
507 3466 566 3525 furt
583 3485 608 3537 c,
627 3466 797 3540 glandulosc
814 3465 971 3534 abnuendo)
986 3469 1036 3540 <ct
1049 3463 1104 3522 add·
