2318 3788
498 161 719 240 ...34-

102 311 236 389 eruperit
258 312 289 370 in
312 317 416 369 ventre
440 307 485 369 vel
508 308 658 368 intestinis
682 315 803 369 etcum
827 309 980 386 egestione
1006 312 1118 372 ventris

101 400 199 459 sanies
223 397 314 458 suerit
332 397 465 478 exclusa,
489 415 524 456 ex
547 403 631 475 parte
651 397 751 457 curari
770 395 951 479 ostenditur,
976 399 1001 458 si
1020 406 1117 460 tamen

101 486 230 547 sobrium
253 487 426 547 discesserit
447 485 582 546 molestia
605 493 673 563 post
696 486 884 564 eruptionem
908 486 993 547 lacta.

189 584 313 655 propter
341 593 375 635 ea
407 575 568 636 curationis
596 581 731 653 tempore
763 576 795 633 in·
826 575 891 652 ipso
919 576 1006 636 initio
1036 579 1061 639 si
1088 579 1117 637 in

74 677 161 724 trino
189 664 255 724 loeo
283 664 374 725 luerit
398 664 532 724 confixus
560 661 657 743 dolor,
685 663 743 723 erit
767 663 969 724 festinandum
993 673 1029 724 ut
1052 675 1117 726 ante

101 771 189 831 quarn
213 755 309 814 saniet
331 761 482 832 apostema
509 751 691 812 dialoreticis
714 750 869 812 adiutoriis
897 751 933 812 de
962 753 1118 814 altitudine

11 865 30 902 o·
44 855 86 892 202
103 842 230 901 levatum
254 842 290 901 ad
314 841 502 921 superficiem
526 841 603 901 cutis
627 847 790 919 spargatur.
812 838 817 915 Ι
837 839 867 900 id
890 848 936 901 est
959 843 990 902 in
1013 845 1119 922 primis

100 932 224 1009 patienti
248 929 312 990 loeo
332 931 526 1008 sanguisugas
544 946 676 1007 appones
698 928 755 989 hoc
779 927 875 990 modo.
912 932 992 990 intra
1012 949 1118 993 cueur-

100 1018 190 1079 bitam
214 1018 418 1079 medicinalem
445 1017 538 1078 latum
565 1016 721 1078 linteolum
743 1018 844 1077 mittes
874 1019 1032 1097 usquead
1057 1039 1119 1082 sca-

60 1121 86 1160 10
99 1106 184 1186 pulas
213 1107 400 1188 cucurbitae,
427 1109 468 1168 ita
496 1114 530 1167 ut
556 1105 633 1166 labia
660 1108 755 1186 ipsius
785 1105 957 1167 cucurbitae
990 1113 1119 1188 operias.

99 1198 130 1255 in
154 1214 213 1274 quo
236 1195 357 1257 linteolo
381 1197 576 1275 sanguisugas
599 1194 809 1274 quamplures
830 1197 973 1277 proicies,
997 1205 1029 1258 et
1053 1199 1120 1260 loco

100 1284 211 1345 dolenti
239 1283 424 1346 cucurbitam
453 1293 657 1363 supervertes,
686 1292 716 1344 et
745 1283 851 1343 leviter
874 1302 908 1344 ae
931 1285 1120 1349 sufficienter

98 1375 129 1433 in
149 1375 276 1436 circuitu
295 1373 450 1434 linteolum
468 1373 583 1453 tralres,
604 1390 663 1452 quo
682 1373 799 1451 possint
818 1370 1014 1452 sanguisugae
1036 1379 1120 1438 corio
1139 1424 1147 1453 ,

98 1461 144 1521 vel
172 1465 234 1523 cuti
262 1462 412 1542 applicari.
453 1461 509 1521 boc
538 1479 608 1522 vero
632 1460 784 1522 moderate
812 1460 917 1542 facies,
945 1479 983 1522 ne
1006 1465 1121 1526 iterum

59 1563 85 1602 1⁵
99 1552 188 1610 nimia
207 1553 341 1629 angustia
360 1552 575 1629 opprimantur.
612 1558 729 1610 etcum
748 1548 898 1610 morsibus
917 1549 1121 1635 adhaeserint,

99 1639 285 1700 errcurbitam
318 1657 387 1699 oum
418 1637 539 1698 linteolo
572 1638 703 1718 auferes,
737 1646 767 1698 et
794 1640 875 1698 sines
902 1638 998 1716 donec
1026 1659 1120 1720 supra

99 1727 176 1787 diota
195 1727 330 1788 animalia
354 1729 496 1805 sanguine
515 1727 695 1805 repleantur.
732 1734 805 1786 tuuc
824 1744 945 1806 asperso
964 1728 1025 1788 sale
1046 1732 1120 1791 trito

98 1818 292 1895 sanguisugas
318 1814 485 1876 removebis
513 1823 543 1874 et
571 1815 669 1875 locum
696 1833 868 1894 perungues
896 1824 926 1875 et
955 1818 987 1876 in
1010 1818 1120 1880 eodem

98 1903 163 1964 loeo
192 1903 377 1965 cucurbitam
405 1903 517 1964 adiecta
545 1903 661 1964 llamma
688 1904 774 1986 figes,
805 1912 835 1965 et
862 1905 1037 1983 sauguinem
1067 1907 1118 1968 de·

58 1993 198 2054 retrahes
222 2001 366 2073 quantum
390 2010 494 2053 causae
514 1992 652 2053 sulficere
676 1993 770 2053 fueris
792 1991 961 2053 arbitratus.
999 2003 1120 2075 etpost

100 2081 315 2143 detractionem
339 2082 491 2160 sanguinis
514 2079 655 2161 butyrum
678 2083 783 2142 tritum
807 2099 875 2142 eum
900 2083 980 2142 nitro
1007 2083 1119 2146 inlines

100 2178 130 2230 et
152 2171 217 2230 lana
242 2170 343 2231 sucida
367 2171 522 2249 cooperies
546 2180 575 2230 et
597 2168 709 2248 ligabis.
748 2170 800 2230 sed
822 2173 847 2230 si
871 2171 947 2230 sorte
970 2176 1118 2252 temporis

99 2261 174 2318 ratio
198 2258 244 2319 vel
267 2259 324 2318 loci
349 2257 473 2336 qualitas
496 2258 623 2318 iecerint
645 2265 680 2318 ut
702 2260 830 2318 inveniri
853 2260 974 2319 minime
997 2264 1117 2341 saugui-

170 2469 184 2516 1
205 2464 312 2534 ruperit
330 2480 389 2534 pop.
472 2462 627 2518 inventrem
644 2480 670 2534 9,
691 2466 767 2519 —tre
786 2481 819 2532 cp
839 2463 867 2535 (i.
889 2491 921 2510 =
940 2466 970 2520 id
989 2469 1118 2524 estante

96 2533 225 2589 inventre
239 2536 336 2590 inserit
345 2536 388 2603 9),
461 2541 477 2588 3
492 2533 622 2590 molestia
637 2552 681 2605 cp:
696 2535 836 2590 modestia
850 2537 913 2604 (sic)
926 2553 952 2606 9.
1025 2538 1116 2595 faeta:

95 2641 200 2696 foetam
213 2659 273 2712 pop.
366 2609 550 2712 4Propt<ed⁸
579 2641 650 2713 >9ἦ
663 2639 816 2724 Propterea
829 2658 854 2697 e:
869 2659 919 2698 om.
931 2660 961 2713 9.
1046 2647 1115 2702 tle-

95 2714 163 2766 vatu
173 2730 210 2782 p:
225 2716 291 2767 —tn
303 2719 334 2782 9⁰
346 2713 393 2780 (cs.
403 2727 490 2780 supra
498 2731 526 2781 p.
537 2718 582 2782 33,
592 2714 647 2780 19).
719 2730 737 2768 1.
747 2715 830 2782 p(ep).
903 2719 919 2767 8
930 2715 1116 2785 sanguisueas

96 2789 159 2838 oute
187 2799 256 2839 corr.
288 2800 305 2852 9
336 2785 461 2850 (iterun.
489 2790 566 2854 119
594 2789 618 2838 et
646 2789 710 2838 unte
741 2799 810 2839 corr.
838 2800 863 2839 v.
891 2790 927 2839 13
955 2791 981 2840 et
1008 2792 1048 2844 23
1076 2793 1115 2858 9),

96 2854 209 2925 sanguis
238 2871 321 2924 sugas
352 2857 395 2921 (ut
419 2860 533 2924 semper)
554 2873 586 2924 9,
710 2861 740 2907 11
769 2854 871 2924 proicis
898 2863 962 2926 pep⁰
990 2859 1114 2927 (proficis

95 2931 159 2980 aute
177 2942 246 2982 corr.
261 2931 305 2996 p).
398 2932 430 2979 12
450 2928 624 2995 supervertes
642 2943 687 2994 pc:
707 2942 830 2995 appones
844 2942 875 2995 p.
962 2928 1066 2984 leviter
1084 2947 1114 3000 9:

95 2996 196 3051 leniter
214 3014 254 3068 cp.
329 3003 361 3051 13
381 3014 437 3066 quo
455 3014 488 3067 9:
509 2997 583 3067 quod
602 2999 684 3066 (opp,
702 2997 801 3065 inquo
817 3013 839 3051 c.
914 3004 947 3051 14
966 2999 1036 3054 facis
1054 3018 1115 3071 pop.

98 3074 130 3121 16
150 3067 217 3122 sinis
237 3085 295 3138 pop.
372 3075 403 3124 18
422 3068 579 3124 removebis
597 3084 626 3138 y:
647 3083 774 3123 removes
789 3085 821 3137 p,
839 3084 935 3124 moves
954 3087 976 3123 c.
1050 3088 1114 3142 per³

94 3156 183 3208 unges
201 3156 242 3208 pc,
261 3139 340 3210 -gis
354 3157 384 3209 p.
472 3146 506 3195 20
525 3155 607 3195 cause
627 3156 653 3194 c:
673 3155 757 3193 cause
775 3156 806 3208 9,
825 3154 876 3194 om.
891 3156 921 3209 9.
1009 3148 1044 3195 21
1063 3144 1114 3198 bu·

94 3210 148 3279 ty(i
162 3212 268 3279 cp)rum
286 3227 311 3280 9.
383 3210 479 3265 inlinis
492 3229 518 3282 9,
540 3210 664 3276 illinire,
682 3209 747 3264 linis
761 3227 789 3278 9.
863 3217 897 3265 22
912 3213 1039 3280 cooperis
1053 3231 1113 3284 pop.

94 3287 128 3335 23
152 3281 278 3335 feceruut
301 3281 398 3352 (ferei)
421 3299 452 3352 9,
470 3282 569 3338 fecerit
587 3299 614 3348 e,
638 3280 759 3336 obfuerit
778 3299 807 3350 9.
916 3284 949 3336 ut
963 3300 998 3351 p:
1026 3287 1055 3339 et
1073 3302 1113 3355 9ο,

91 3351 213 3422 inveniri
230 3369 275 3420 ep:
294 3351 412 3407 iuvenili
429 3354 490 3422 (sic)
509 3371 534 3422 9.
643 3373 665 3408 s.
688 3351 802 3407 minime
826 3355 944 3423 possunt
963 3371 990 3420 c,
1015 3374 1036 3411 s.
1056 3373 1113 3411 non

93 3423 203 3492 possint
219 3440 247 3492 p.
