2318 3788
459 78 677 144 ..69-

10 262 13 307 p
68 222 118 286 hus
137 227 300 305 imperare,
321 225 364 285 ita
386 231 421 285 ut
443 241 476 285 se
495 225 575 284 circa
597 222 702 285 horam
725 223 871 286 decimam
888 225 1025 288 reficiant
1046 235 1078 289 et

10 332 15 369 r
67 312 184 374 asolito
201 315 303 374 minus
325 319 432 392 potum
449 314 605 392 accipiant.
649 315 764 374 interea
783 312 918 382 ciborum
941 316 1089 393 ipsorum-

10 390 12 409 '
65 401 182 481 qualitas
211 419 331 482 semper
358 409 477 480 oportet
500 419 567 462 esse
596 403 675 463 sicca
702 402 749 462 vel
776 401 868 464 solida
895 412 947 464 aut
970 421 1076 482 corpu-

64 490 150 573 lenta,
174 509 262 570 qrram
286 489 392 551 Gracci
415 499 535 553 stercen
552 499 667 553 vocant.
705 492 748 551 sic
768 493 847 552 enim
865 494 964 553 omnia
987 510 1076 571 quae·

63 597 115 659 que
145 579 267 641 humida
300 578 504 660 desiccantur,
532 597 601 640 cum
629 598 645 640 e
674 581 823 642 contrario
848 582 1006 642 contrariis
1031 592 1103 642 sar-⁵

62 670 136 730 natio
165 667 335 730 adhibetur.
381 675 412 729 et
444 671 470 728 si
497 675 633 729 ventrem
659 671 781 730 minime
810 670 929 751 iecerit,
961 672 1078 731 acriore

63 757 184 837 clystere
212 756 407 818 deducendus
435 759 501 818 crit.
546 756 653 818 dehinc
676 757 794 837 iugulos
817 766 848 819 et
871 758 1024 820 thoracem
1045 767 1079 821 et

63 862 77 904 a
101 855 185 926 tergo
212 848 293 908 inter
322 845 459 925 scapulas
489 864 585 924 usque
614 845 650 906 ad
678 848 827 907 cervicem
855 847 1018 927 oxyrodino
1045 847 1077 910 id

10 982 12 991 .
63 943 104 995 est
124 943 210 997 aceto
233 943 265 996 et
287 952 410 996 rosaceo
435 934 500 995 oleo
524 953 561 995 ea
584 934 659 996 lanis
682 934 794 996 sucidis
818 935 1019 1018 embrocabis,
1044 939 1077 998 in

10 1012 13 1055 ²
63 1021 152 1084 hieme
182 1023 277 1085 calide
305 1031 417 1085 aestate
448 1023 570 1104 frigide,
607 1032 637 1084 et
669 1033 817 1103 oportuno
845 1031 980 1105 tempore
1012 1026 1077 1087 loca
1090 1036 1117 1077 1⁰

64 1112 171 1174 scilicet
199 1111 370 1192 supradicta
394 1131 429 1174 ex
457 1111 595 1192 palmulis
618 1120 649 1174 et
670 1122 786 1174 murtae
816 1115 912 1174 siccae
936 1116 1075 1176 tenuissi-

67 1203 115 1261 mis
140 1200 303 1282 pollinibns
331 1210 362 1262 et
391 1199 496 1262 hordei
519 1200 628 1280 polline
652 1220 721 1262 cum
745 1202 912 1263 sufficiente
936 1201 1022 1262 melle
1047 1211 1078 1264 ct

66 1298 140 1351 aceto
164 1292 318 1351 concoctis
341 1289 574 1370 cataplasmabis.
616 1308 672 1351 nec
700 1308 760 1350 non
788 1292 877 1351 etiam
905 1290 1077 1352 ecrcmhitas
1122 1309 1139 1319 “

68 1377 189 1440 stalticas
212 1378 243 1438 id
266 1386 313 1440 est
333 1380 559 1440 consolatorias
586 1377 701 1440 thoraci
725 1386 756 1440 et
778 1377 868 1439 dorso
892 1378 984 1440 multa
1007 1398 1076 1441 eum

34 1458 38 1467 ’
68 1465 174 1530 lamma
194 1466 421 1547 conglutinabis.
454 1469 544 1528 etiam
557 1476 588 1528 et
606 1470 737 1546 gertturis
755 1475 872 1548 partem
890 1468 946 1530 suh
965 1477 1077 1551 mento,
1091 1479 1117 1520 1⁵

67 1572 146 1634 quam
169 1557 277 1617 Graeci
304 1565 466 1618 antereona
488 1564 608 1637 vocant,
636 1557 779 1618 novacula
801 1556 902 1638 rades,
928 1566 958 1618 et
981 1559 1076 1620 carni·

67 1641 114 1706 hus
135 1645 303 1725 palmarum
327 1653 359 1706 et
381 1662 496 1706 amomo
521 1653 551 1705 et
573 1644 792 1725 hypoquistidis
813 1664 885 1706 suco
906 1653 936 1706 et
954 1649 1076 1708 mastica

65 1733 197 1795 adiuncto
225 1733 343 1800 modico
369 1732 458 1794 melle
486 1736 638 1794 concoctis
665 1737 796 1815 pyriama
827 1735 996 1796 coniectum
1026 1754 1075 1814 ap-

64 1839 164 1904 pones,
201 1819 274 1902 <aut
310 1822 398 1883 melle
431 1818 596 1902 renouato>
632 1832 663 1884 et
702 1822 836 1903 herpyllo
871 1822 962 1885 herba
993 1817 997 1907 Ι
1027 1825 1075 1885 ad·
1095 1844 1117 1884 a·
1132 1836 1150 1876 1⁴

64 1913 148 1973 mixta
167 1911 232 1972 aloe
252 1911 389 1974 similiter
407 1929 547 1991 appones.
587 1920 638 1972 aut
656 1910 704 1972 dia
721 1914 803 1973 iteon
826 1911 1076 1974 medicamentum
1123 1965 1125 1968 Α

128 2065 197 2118 lut
215 2079 245 2118 se
261 2107 267 2120 .
284 2107 290 2119 .
306 2108 312 2119 .
327 2063 456 2119 reficiant
472 2083 503 2136 9:
528 2066 581 2118 uh.
599 2109 604 2121 .
621 2107 627 2117 .
642 2063 804 2118 reficiantur
822 2081 863 2134 cp.
937 2064 1075 2119 decimam

60 2152 100 2205 pc:
118 2136 159 2191 XI
173 2151 205 2205 p.
292 2140 407 2206 rapo:
427 2152 476 2191 orn.
491 2152 522 2205 p.
609 2135 735 2205 ipsorum
754 2135 879 2190 ciborum
898 2153 924 2204 q.
944 2152 985 2205 cp.
1058 2142 1074 2190 3

61 2224 170 2295 oportet
189 2239 250 2278 asse
268 2240 300 2294 p:
320 2223 359 2277 sit
375 2240 417 2294 cp.
505 2226 632 2295 detersa
649 2241 695 2295 pp,
714 2211 785 2278 seha
803 2241 824 2278 e.
916 2241 1025 2296 quaque
1043 2241 1076 2295 9²

59 2312 83 2364 qe
100 2302 121 2365 (ῑ
138 2311 167 2364 c,
191 2297 224 2366 q’a
245 2312 299 2363 que
328 2295 515 2364 (quecunque)
540 2313 570 2365 p.
680 2300 779 2349 doum
798 2295 1001 2350 —adhibetur
1026 2312 1075 2365 pp:

10 2444 12 2449 Ι
58 2382 105 2423 om.
124 2383 148 2422 c.
241 2364 456 2447 SOxyrodinon
477 2368 597 2449 9·(-no
621 2367 712 2449 φ)...
764 2372 833 2421 aex
856 2382 882 2421 e:
906 2367 936 2421 et
957 2384 987 2436 p,
1007 2383 1077 2448 ‘cum

57 2433 248 2565 iliani
265 2436 891 2591 {lindocolniae{illitati
909 2453 932 2505 i
951 2437 1076 2590 ’ἐξὲξ

58 2581 115 2652 (aie)
133 2581 229 2654 murto
248 2579 320 2662 sicce
337 2597 364 2649 p,
384 2581 414 2634 et
430 2579 516 2634 mirta
534 2579 609 2662 sicca
623 2597 664 2649 cp.
736 2578 890 2661 pollicibus
903 2581 1075 2661 tenuraarmrs

53 2668 83 2720 p,
99 2651 219 2722 pollinis
237 2653 331 2705 tenure
349 2666 372 2704 e.
447 2656 479 2705 12
497 2651 604 2720 polline
622 2669 648 2722 9.
735 2650 890 2706 suffimenta
907 2668 937 2721 9:
957 2652 1015 2703 -n
1033 2666 1075 2718 cp.

57 2746 89 2796 ld
104 2742 259 2810 eitoraop
278 2740 323 2807 (ef.
344 2719 415 2805 {dio
425 2756 448 2808 p
462 2740 494 2795 id
506 2745 545 2794 eat
559 2740 589 2795 et
602 2756 664 2794 orso
673 2757 696 2809 p
706 2755 762 2808 pro
775 2742 806 2794 et
819 2740 901 2794 dorso
912 2740 967 2806 ΡΟ).
1042 2741 1075 2790 15

56 2813 152 2867 mento
171 2828 199 2883 9,
217 2811 316 2866 meniu
334 2811 394 2879 (sic)
413 2827 454 2880 cp.
544 2817 576 2866 16
596 2813 748 2865 antereona
765 2828 794 2881 9:
815 2811 993 2874 animaene,
1014 2808 1075 2862 the·

55 2885 154 2938 redam
176 2900 197 2952 p
222 2882 269 2953 (cs.
294 2880 367 2938 Cael.
392 2881 466 2938 Aac.
484 2899 515 2951 p.
538 2886 604 2937 388.
628 2883 704 2950 383).
814 2888 846 2937 17
874 2877 1074 2950 ypoquisiidis:

53 2955 95 3009 sic'
112 2971 174 3026 pap.
275 2952 409 3007 maaticae
428 2955 474 3021 (=
493 2954 535 3022 ee)
553 2971 572 3024 9
589 2952 705 3021 (4212).
810 2958 842 3006 18
862 2951 996 3006 conecclo
1014 2966 1074 3021 pap.

54 3029 159 3093 em(om
173 3022 326 3094 p)piriama
342 3040 402 3095 pop.
476 3029 511 3078 20
525 3027 575 3078 aut
590 3023 675 3077 malle
694 3025 840 3078 conecclo:
860 3025 910 3076 aut
928 3021 965 3090 (‘)
983 3021 1077 3077 mellis

54 3115 190 3170 concocta
213 3114 288 3181 (cota
311 3117 376 3166 onte
397 3129 466 3167 corr.
491 3113 540 3182 poi
561 3129 613 3167 aer.
632 3095 715 3179 detti
733 3113 826 3166 deletis
851 3112 957 3166 lincolie
977 3128 1075 3180 alpra-

53 3186 178 3255 ecriptia)
192 3201 226 3253 p,
244 3199 296 3237 oon.
315 3201 333 3253 9
351 3184 411 3252 (abi
429 3200 554 3254 appones
572 3185 602 3238 et
618 3181 751 3252 herpillo)
770 3188 795 3236 et
813 3185 885 3250 (cnm
903 3199 972 3253 seqq.
991 3199 1076 3252 nepae

53 3257 93 3311 ad
109 3273 135 3311 a.
155 3261 196 3312 20
211 3256 348 3324 appones)
363 3271 384 3308 c.
453 3258 483 3310 et
497 3254 617 3324 herpillo
635 3253 746 3324 (—lap)
757 3283 790 3293 -
801 3259 836 3309 20
851 3271 976 3325 appones
990 3271 1040 3309 om.
1051 3269 1075 3307 c.

51 3344 160 3399 amiate
174 3361 206 3414 p.
279 3349 314 3397 20
333 3343 415 3399 aloen
431 3360 457 3416 9.
532 3327 687 3417 ua¹jaheea
705 3361 721 3417 ⁹
741 3343 934 3416 lhhahaduenu
950 3343 987 3408 m.
