2318 3788
491 146 730 210 -140—

99 291 242 370 paralpsis
260 290 344 351 duae.
382 290 524 370 aliquanti
543 291 660 370 perdito
680 309 770 352 sensu
790 299 889 352 tactus
908 311 977 354 oum
995 301 1093 371 torpore

98 379 256 459 paralysim
278 383 446 460 patiuntur,
474 379 530 440 hoc
554 388 600 441 est
623 388 657 441 ut
680 397 777 462 neque
807 380 904 459 frigus
926 399 1021 460 neque
1041 379 1092 440 eali·

99 468 169 529 dum
189 471 252 530 cuti
274 471 443 549 appositum
463 471 591 529 sentiant
614 471 768 548 patientes.
806 468 950 548 aliquanti
973 489 1007 530 311
1027 483 1093 548 parte

100 560 302 637 suprascripto
327 576 417 618 sensu
440 567 579 618 manente
603 559 764 637 patiuntur.
802 559 941 637 sequitur
961 568 1053 619 autem
1071 558 1093 616 iu

71 649 235 725 epassione
263 649 455 728 constitutos,
488 666 556 707 cum
590 645 763 707 difficultate
792 663 900 707 sensus
932 655 963 708 et
993 647 1094 707 insolito

98 753 169 816 usu,
197 735 325 795 difficilis
353 743 452 799 motus
480 752 531 796 auc
559 753 596 796 ex
623 745 686 796 toto
709 742 887 814 amputatus.
933 744 963 796 et
985 735 1096 796 efficitur

98 822 253 902 aliquando
274 825 365 883 totius
385 827 519 904 corporis
539 823 695 904 aliquando
713 825 821 902 partis,
842 832 893 884 aut
911 823 1096 884 membrorum

98 911 259 972 multorum
283 920 335 972 aut
357 912 523 992 aliquorum
548 921 599 973 aut
622 911 748 972 membri
771 914 869 972 unius.
915 922 946 974 et
968 912 1097 990 contingit

98 1001 271 1078 frequenter
299 1010 350 1060 aut
379 1019 415 1060 ex
443 1002 553 1080 frigore
578 1003 666 1062 nimis
689 1008 776 1061 acuto
805 1007 856 1061 aut
879 1001 1037 1062 vinolentia
1058 1005 1099 1059 aut
1145 1018 1147 1085 p

58 1103 83 1142 1o
98 1087 294 1167 indigestione
319 1090 470 1168 frequenti
493 1100 544 1150 aut
566 1089 724 1151 immodico
749 1107 805 1151 usu
829 1092 960 1151 venerio.
1145 1096 1147 1109 '

185 1179 217 1236 in
244 1177 448 1238 curationibus
476 1197 547 1238 vero
575 1187 693 1258 oportet
726 1181 790 1258 ipsa
817 1180 914 1258 prima
941 1178 990 1239 die
1022 1176 1099 1239 flebo·

97 1267 216 1326 tomiam
249 1268 280 1326 in
312 1265 433 1327 brachio
467 1266 606 1327 adbibere
640 1267 719 1346 quod
754 1267 846 1328 fuerit
880 1262 1006 1346 patienti
1034 1265 1100 1347 parti

97 1357 293 1436 contrarium,
321 1355 400 1434 quod
429 1357 590 1436 antispasin
620 1364 733 1416 vocant.
780 1357 806 1416 si
834 1374 904 1416 vero
933 1355 990 1416 sub
1019 1354 1101 1436 pleni-

96 1441 199 1502 tudine
236 1443 295 1503 cibi
332 1452 383 1504 aut
422 1446 482 1503 vini
515 1445 627 1505 fuerint
658 1452 859 1524 aegrotantes,
896 1445 1040 1505 vomitum
1072 1440 1102 1504 ad

57 1545 82 1585 13
96 1548 237 1608 praesens
264 1531 439 1610 provocabis
468 1552 503 1592 ex
532 1533 669 1611 ydrelaeo
694 1532 802 1614 calido,
837 1532 867 1593 id
895 1541 941 1594 est
969 1551 1007 1594 cx
1038 1549 1103 1612 aqua

97 1617 188 1677 calida
217 1626 247 1679 et
275 1618 339 1679 oleo
367 1620 496 1681 admixto
524 1621 641 1681 modico
669 1620 743 1703 sale,
772 1629 802 1682 et
830 1623 873 1682 313
902 1621 1035 1682 secunda
1062 1620 1103 1682 die

95 1705 299 1767 flebotomabis
327 1716 357 1768 et
384 1708 504 1769 mundis
532 1728 565 1770 ac
594 1708 730 1770 mollibus
758 1710 833 1770 lanis
862 1728 899 1770 ex
927 1709 993 1771 oleo
1018 1708 1103 1771 calido

95 1794 227 1856 membra
258 1798 399 1876 patientis
431 1796 562 1859 involves
595 1807 625 1860 et
658 1798 786 1859 fasciolis
815 1797 930 1860 levibus
964 1798 1104 1860 133313113.

94 1894 163 1962 post
189 1883 262 1945 haee
289 1904 381 1966 acopo
410 1886 606 1948 thermantico
634 1885 802 1948 ischiadicis
832 1889 973 1967 superius
999 1890 1103 1968 scripto

55 1974 189 2032 muteris
218 1981 248 2034 31
275 1976 463 2036 scarifatione
488 1994 523 2035 311
551 1974 666 2036 levibus
689 1974 877 2053 13331313113,
909 1994 983 2054 quas
1007 1975 1105 2038 Graeci

95 2060 231 2139 ampchas
249 2073 363 2131 vocant.
405 2073 434 2124 31
458 2066 483 2124 31
502 2065 579 2125 13113
602 2067 633 2125 in
656 2064 756 2142 lingua
775 2065 948 2144 contigerit,
973 2065 1103 2126 similiter

95 2149 256 2230 3331113113,
276 2159 391 2230 etpost
409 2153 629 2214 scarifationem
648 2152 772 2215 mulsam
792 2152 916 2214 calidam
934 2153 1104 2234 frequenter

95 2236 268 2299 soluendam
292 2240 374 2302 dabis
394 2250 424 2302 et
447 2260 463 2301 a
487 2241 672 2302 salsamentis
691 2241 736 2302 131
763 2241 934 2323 liquamine,
960 2243 1041 2322 quod
1064 2249 1104 2302 est

166 2466 230 2520 131
252 2466 317 2534 post
341 2466 401 2535 (313)
425 2464 570 2535 paralisim
592 2466 646 2537 due
665 2484 687 2522 3.
795 2467 1066 2550 torperet—corpore
1087 2483 1105 2534 3,

94 2538 195 2622 3113.
262 2560 384 2623 2neque
400 2554 523 2609 calidum
536 2571 628 2624 neque
641 2555 775 2625 frigidum
785 2571 816 2624 p.
887 2555 956 2610 ass
974 2573 1106 2627 3333313·

94 2624 169 2678 dieto
183 2641 213 2694 p.
287 2626 382 2679 3313111
400 2641 450 2679 om.
464 2643 487 2694 p
506 2625 548 2696 (in
566 2642 616 2681 om.
636 2630 667 2695 3).
743 2631 758 2680 b
779 2625 948 2681 constitutos
965 2628 1105 2696 paralisim

93 2695 217 2764 corporis
227 2711 291 2748 33111
301 2695 468 2750 difficultate
478 2713 575 2751 3311333
586 2714 609 2764 3,
624 2697 793 2752 constitutos
811 2696 964 2752 difficultas
977 2715 1104 2768 sensusp.

93 2768 122 2821 et
139 2765 253 2821 insolito
272 2784 324 2821 333
347 2767 469 2822 difficilis
489 2785 524 2836 p,
549 2770 578 2823 et
594 2768 724 2823 insolitos
746 2783 814 2839 usqq
834 2767 944 2822 difficili
962 2785 984 2824 3.
1091 2773 1103 2822 1

93 2837 246 2908 aliquando
268 2839 318 2892 331
339 2838 427 2893 131133
451 2855 473 2892 3.
498 2841 548 2894 331
570 2840 657 2908 partis
681 2842 731 2894 331
754 2844 800 2894 etc.
821 2855 861 2907 ep.
971 2843 1058 2896 9331
1074 2856 1103 2894 ex

92 2925 143 2964 om.
167 2926 182 2964 3
205 2909 265 2978 (ubi
286 2909 316 2962 et
337 2907 477 2979 extinguit
499 2909 532 2963 fr.
555 2910 692 2980 frigores).
810 2915 842 2963 11
866 2909 929 2979 ipsa
952 2927 979 2966 c:
1005 2928 1055 2967 om.
1076 2926 1103 2980 p.

92 2980 217 3048 pridiora
236 2980 295 3046 (sic)
314 2978 359 3035 dia
379 2996 407 3048 3,
426 2980 518 3050 primo
538 2980 583 3036 die
597 2999 627 3053 p.
703 2980 883 3037 141131331
902 2981 958 3036 3111
971 2997 1003 3051 p.
1075 2985 1103 3035 11

92 3050 198 3106 idroleo
218 3067 240 3120 e,
258 3050 374 3120 ydroleo
388 3068 418 3120 p.
508 3057 539 3106 17
559 3051 734 3107 mollioribus
748 3069 779 3122 p.
884 3058 918 3107 18
936 3052 1062 3109 involves
1079 3051 1104 3106 31

91 3121 223 3176 fasciabis
246 3121 357 3177 lenibus
380 3121 525 3177 fasciolab'
550 3125 609 3193 (313)
633 3141 661 3191 3,
686 3123 831 3179 131311333
852 3123 976 3178 fasciolis
999 3124 1103 3180 1311133

92 3191 223 3247 fasciabis
237 3210 267 3262 p.
373 3199 405 3247 19
426 3210 546 3262 neopum
566 3197 650 3264 (-pi1
664 3195 697 3264 p)
716 3194 915 3250 termanticum
933 3197 995 3262 (-1
1009 3197 1043 3265 p)
1057 3235 1063 3249 .
1078 3232 1102 3249 ..

92 3263 226 3332 scriptum
246 3281 286 3332 op.
394 3264 517 3319 sciaticis
531 3283 567 3335 p,
591 3282 659 3321 —co
680 3283 700 3321 3.
810 3271 845 3320 20
865 3265 1101 3328 33311133113333,

92 3334 286 3389 scarifactione
296 3352 326 3403 p.
400 3342 433 3390 21
449 3335 554 3390 31111333
568 3353 610 3406 cp.
678 3343 712 3390 22
728 3336 897 3393 sacrificabis
911 3354 952 3407 cp.
1024 3333 1100 3392 scari·

91 3405 250 3460 ficationem
269 3423 309 3474 cp.
383 3407 474 3461 mulsa
492 3406 620 3463 33111131.
640 3407 749 3464 lavabis
765 3425 794 3478 p.
868 3414 902 3465 23
922 3426 940 3464 3
958 3424 985 3465 c:
1009 3420 1098 3476 311113
