2318 3788
497 191 713 256 -30.-

97 344 212 398 tantum
236 355 379 417 apponas,
407 355 445 397 ne
468 336 752 416 conglutinationem
780 337 886 397 iactam
909 336 1047 417 dissipes.
1085 347 1115 399 et

97 427 207 486 iterum
239 445 307 487 cum
344 425 455 486 videris
487 425 629 486 saniolam
666 433 847 486 tractuosam
883 426 930 486 vel
967 429 1113 488 viscosam

97 516 192 596 exire,
215 515 314 576 tiltum
333 533 370 575 ex
392 514 513 575 bnteolo
532 517 618 576 tenui
636 531 767 595 appones
788 522 819 576 et
837 532 928 594 super
952 516 1115 596 emplastro

96 606 191 664 uteris
215 615 245 664 91
268 602 394 664 sanabis.

69 773 82 814 ⁵
442 761 504 824 XX.
541 761 589 823 dd
612 763 768 824 listulas

185 885 312 949 Fistulas
343 888 449 950 Graeci
480 889 614 968 syringas
646 886 802 967 appellant.
848 896 878 948 et
910 896 981 948 sunt
1011 889 1114 950 ulcera

95 975 289 1055 pendiginosa
326 986 356 1038 et
386 979 568 1038 intrinsecus
601 975 709 1036 callosa
741 994 839 1055 neque
854 992 857 999 ’
871 979 902 1037 19
926 978 1113 1039 'cicatricem

94 1067 251 1126 venientia.
288 1073 319 1127 ct
341 1067 368 1126 si
390 1068 526 1126 venerint
549 1067 659 1126 iterum
682 1065 873 1126 resolvuntur
897 1072 927 1126 et
944 1067 976 1125 in
996 1067 1113 1127 orificio

18 1176 26 1201 ¹·
39 1162 82 1204 20⁰
95 1152 251 1233 aliquando
281 1153 286 1228 (
316 1157 481 1216 contirones
519 1153 682 1215 ostendunt
718 1172 793 1233 quos
826 1152 932 1214 Graeci
971 1154 1114 1216 eielcidas

54 1254 80 1294 1⁰
94 1251 208 1303 vocant.

182 1333 213 1392 in
251 1331 455 1392 curationibus
491 1350 562 1392 vero
595 1333 621 1392 si
653 1329 779 1391 membri
810 1330 856 1391 vel
892 1330 950 1392 loci
983 1331 1114 1411 qualitas

93 1422 238 1501 exegerit,
271 1420 377 1496 melius
409 1429 456 1481 est
487 1420 615 1481 fistulam
650 1420 731 1480 ferro
763 1419 890 1500 nudare,
927 1421 957 1481 id
990 1429 1036 1482 est
1075 1440 1113 1482 ex

92 1508 251 1569 flebotomo
280 1508 326 1568 vel
359 1511 559 1588 syringotomo
590 1507 748 1589 appellato,
782 1516 811 1569 et
843 1526 962 1569 omnem
994 1508 1112 1571 callosi-

92 1606 182 1659 tatem
207 1596 353 1658 occultam
376 1597 501 1658 artifieio
524 1614 630 1657 manus
652 1597 765 1657 visibus
793 1597 924 1678 pandere
947 1605 978 1658 et
1001 1616 1111 1660 secun-

52 1697 78 1738 15
92 1686 163 1747 dum
190 1689 336 1746 rationem
364 1703 484 1765 curare,
512 1685 592 1764 quod
615 1684 721 1747 Graeci
748 1694 813 1747 cata
835 1686 922 1766 logon
951 1686 1111 1767 appellant.

92 1777 138 1836 sin
161 1793 231 1835 vero
255 1774 313 1834 loci
336 1775 382 1834 vel
405 1773 533 1834 membri
555 1776 650 1854 ipsius
678 1774 803 1854 qualitas
826 1793 915 1836 usrrm
938 1774 1111 1855 chirurgiae

89 1861 291 1944 prohibuerit,
313 1862 371 1922 hoc
394 1861 481 1923 modo
501 1862 628 1924 cumbis.
669 1866 701 1925 in
723 1866 828 1944 primis
848 1872 987 1943 angustas
1007 1882 1109 1926 caver-

89 1952 175 2028 nulas
194 1952 231 2012 de
250 1952 353 2032 aprina
373 1951 421 2012 vel
438 1953 562 2032 porcina
581 1959 662 2013 saeta
685 1954 826 2032 inspicies
846 1960 876 2013 et
893 1970 1006 2032 papyro
1025 1962 1109 2032 pate-

89 2041 189 2102 199199.
227 2041 306 2120 quod
328 2059 474 2121 papyrum
498 2043 540 2101 sic
563 2040 761 2120 praeparabis.
811 2057 956 2121 papyrum
980 2044 1109 2103 vitriari-

49 2141 76 2182 20
89 2148 176 2190 orum
200 2129 291 2208 eliges
314 2147 487 2210 carnosum,
510 2129 540 2190 id
564 2129 712 2208 estquod
736 2148 795 2190 non
819 2131 910 2190 fuerit
933 2129 1037 2210 fragile
1062 2131 1109 2192 vel

88 2217 240 2299 ilacidum,
269 2225 299 2278 et
325 2217 421 2296 pridie
445 2220 476 2278 in
500 2225 583 2279 aceto
608 2219 684 2278 salso
714 2219 868 2299 infundes,
894 2218 976 2303 ¹qnod
1000 2218 1108 2280 Graeci

89 2307 223 2367 oxalmcn
255 2315 369 2367 vocant.
415 2314 487 2367 tunc
520 2306 575 2366 alia
608 2306 656 2367 die
689 2304 792 2387 spatha
824 2309 908 2368 tenui
938 2307 1108 2368 circulatim

159 2461 545 2530 11199199991999999.
620 2461 1108 2530 3111199919999995111.

87 2531 131 2585 Aa
149 2531 257 2586 fistulas
275 2533 320 2600 (20
340 2532 364 2599 9)
382 2547 429 2600 991
448 2531 490 2586 De
508 2531 654 2602 19191199
763 2531 916 2601 1191119999
935 2547 953 2600 9
974 2536 1107 2603 (-999,

88 2601 581 2674 -999991999199919919
655 2602 1109 2672 9999111999999,-11191999

88 2675 161 2742 (fort.
177 2672 343 2729 eoriioiones
357 2697 392 2718 ==
405 2674 475 2742 hisp.
490 2674 682 2730 cortenonesi.
697 2691 718 2728 9
733 2675 862 2742 9199199).
930 2672 1109 2745 9191911999,

86 2744 257 2814 9191111999
281 2743 432 2813 (excleidas
456 2747 637 2813 9112
662 2745 782 2814 exigerit
804 2762 837 2814 99
856 2749 880 2799 91
903 2749 966 2799 aute
989 2761 1058 2801 corr
1078 2763 1105 2815 9.

88 2821 120 2870 12
139 2833 173 2870 ex
190 2831 235 2885 9c:
259 2831 309 2870 991.
324 2830 355 2884 9.
430 2820 462 2870 13
481 2815 632 2871 1199919919
650 2833 675 2886 9.
767 2815 950 2886 siringotcmo
968 2832 994 2885 9.
1070 2823 1107 2871 14

86 2887 197 2942 occulta
214 2886 321 2956 (999119
339 2887 363 2955 9)
382 2901 424 2956 99,
443 2887 660 2957 99911991999.
751 2886 864 2942 artificii
881 2903 1036 2956 19999999
1054 2889 1105 2956 (cf.

85 2961 185 3041 918).
273 2957 533 3027 1599191999999,
553 2959 726 3028 9919111969.
819 2958 904 3012 18119
924 2958 1036 3026 aprina:
1056 2959 1104 3014 de-

83 3029 234 3110 91119999,
249 3029 357 3156 (119199
372 3045 394 3084 9.
466 3031 528 3111 9919
541 3045 560 3098 9
574 3030 646 3100 (9919
660 3032 713 3100 99).
776 3029 889 3111 inspicis
903 3045 921 3098 9
934 3029 1067 3099 (19999119
1070 3047 1104 3100 9

85 3099 173 3169 999199
196 3104 228 3168 9).
302 3102 388 3168 18(
363 3099 536 3169 ec.)papiro
554 3116 613 3170 999.
688 3106 720 3156 18
735 3099 871 3170 patefacis
889 3116 907 3170 9
925 3101 1151 3171 (9911919199,

83 3174 180 3241 991991
181 3170 205 3225 is
223 3174 256 3236 9).
328 3177 362 3225 20
382 3171 468 3241 elegis
486 3188 512 3241 9,
530 3171 613 3241 eligis
631 3187 646 3226 9
664 3171 762 3241 (eliges
776 3175 819 3242 9).
905 3187 1053 3226 carnosum
1070 3189 1104 3241 9·

83 3242 220 3296 callosum
234 3259 275 3312 99.
347 3247 381 3297 21
395 3242 527 3297 flacidum
540 3259 577 3312 99
597 3240 745 3311 (fracidam
760 3247 792 3311 9).
866 3248 899 3295 22
919 3243 1102 3312 9199911999,

83 3319 239 3396 oxomrbp.
330 3314 388 3370 alis
412 3329 458 3385 99·
486 3313 588 3396 91199.
679 3331 764 3384 99999
787 3315 863 3382 (-1ο
882 3314 916 3382 9)
938 3315 1107 3384 19991999.

81 3384 493 3510 Ι99911991191999919(9·9)
511 3400 538 3453 9,
557 3384 715 3440 circulatim
734 3387 764 3441 91
782 3384 946 3440 densissime
965 3386 1101 3453 991199·

93 3456 314 3526 9191119919.
