2318 3788
431 229 472 237 -
519 191 673 257 205-

58 332 139 386 etium
162 330 272 386 Ocelim
296 331 352 398 (occ.
372 336 401 400 1,
423 335 465 384 45.
499 336 524 398 2,

59 409 92 458 83
112 407 160 457 etc.
184 419 251 456 rrum
273 403 329 456 chr.
350 408 380 468 4,
399 408 433 456 22
455 403 525 457 mate

59 475 151 529 oditur
161 489 246 544 quam
263 468 391 528 ἐπίτασιν
402 473 523 542 vocant).

58 544 156 600 Simon
187 562 208 599 s.
242 543 395 614 „epithasis
429 562 525 614 super·

57 616 161 685 positio
206 615 410 672 Demosthenes
452 616 524 672 etc.“

58 687 250 743 Pseudo-Sor.
274 703 343 756 resp.
369 692 420 742 194
442 687 525 755 (Reae

57 759 163 814 rocca.
196 759 251 824 II,
279 761 349 826 267)
382 756 455 824 Quid
482 761 526 813 est

58 828 213 899 epithasis?
223 827 419 898 superpositio.
431 847 525 898 super-

57 900 163 970 positio
191 899 312 955 accessio
341 899 524 970 aegritudinis

58 974 102 1027 est
115 971 163 1027 vel
174 973 268 1026 motus
279 970 414 1026 vitiorum
423 975 452 1026 et
465 971 525 1042 agi·

57 1042 129 1098 tatio
154 1059 301 1098 causarum
320 1042 523 1099 earundem...

41 1105 265 1197 έπισημασὶαξ
307 1114 335 1168 et
373 1115 525 1196 postquam

57 1184 525 1340 perstreperetur

57 1342 117 1382 sive
130 1343 314 1395 accessiones,
333 1343 403 1396 quas
425 1327 526 1382 Graeci

58 1397 242 1468 episemarias
266 1399 370 1454 vocant
392 1402 433 1455 58.
462 1399 526 1454 item

41 1534 526 1606 inovimrrxdc:extrinsecusme-

57 1612 250 1668 dicamentum
265 1611 426 1680 epuloticon
440 1611 525 1678 (-le·

57 1683 147 1738 ticum
169 1700 218 1766 pp,
244 1682 413 1738 —lontioum
432 1685 456 1752 o)
476 1700 526 1765 ap·

57 1771 147 1826 pones
169 1754 200 1808 1d
224 1755 267 1809 est
289 1755 365 1824 quod
382 1754 478 1810 valeat
496 1773 526 1809 m

58 1824 222 1881 cicatricem
258 1825 359 1880 ducere
396 1831 439 1881 40.
490 1825 525 1892 cf.

58 1897 166 1953 Simon.
182 1913 204 1951 s.
220 1896 383 1966 opulentum
399 1898 459 1966 (qui
471 1912 526 1966 pro

60 1967 157 2024 Cossio
175 1985 253 2038 quem
266 1969 325 2022 uult
341 1969 409 2022 citat
425 1967 525 2023 Theod.

59 2040 151 2096 Prisc.
168 2055 228 2108 cop.
239 2039 272 2093 de
280 2039 372 2108 prisc).
390 2037 526 2094 trooisous

59 2110 219 2181 epuloticus
238 2115 273 2164 46
292 2111 338 2180 (of.
358 2112 412 2179 45).

41 2173 528 2254 generatores:araneasGraeci

59 2272 78 2310 a
99 2253 238 2323 serpendo
262 2252 336 2322 quod
360 2252 466 2322 harpen
490 2255 527 2322 (p,

60 2323 146 2395 -pin
166 2324 191 2392 o)
220 2325 350 2393 herpetas
378 2324 527 2393 (herpenas

78 2397 88 2464 )
117 2395 231 2463 dicunt,
263 2412 315 2449 nos
353 2411 418 2450 vero
451 2394 527 2448 simi-

56 2414 127 2522 iiter
163 2465 253 2521 latino
291 2482 417 2521 sermone
454 2466 528 2519 sicut

58 2555 148 2608 supra
184 2537 305 2592 diximus
341 2554 359 2603 a
391 2536 527 2606 serpendo

57 2609 237 2679 corpusculos
261 2608 441 2678 (serpiginem
460 2608 527 2664 Sim.

59 2697 81 2738 s.
108 2681 255 2749 herpetas,
278 2682 313 2746 cf.
333 2681 405 2734 Isid.
424 2684 451 2746 4,
468 2683 527 2744 s,5

59 2753 193 2821 serpedo)
205 2750 381 2806 nominamus
396 2756 440 2805 25.
459 2750 529 2805 facit

60 2826 91 2878 et
115 2823 152 2877 ad
175 2822 307 2892 herpetas
330 2822 478 2891 (herbenas
500 2822 528 2891 9)

60 2895 116 2949 hoo
136 2897 179 2948 est
198 2893 372 2963 serpusculos
391 2898 433 2949 24.

40 2958 263 3036 έρυσὶπελαςε
289 2963 363 3034 ignis
388 2981 466 3018 sacer
492 2963 528 3018 ab

60 3036 221 3091 invadendo
236 3054 253 3089 a
263 3035 376 3090 Graecis
389 3035 529 3104 erisipilas

60 3109 124 3177 (cp
153 3107 220 3176 „sed
248 3107 352 3163 Grecos
385 3106 529 3176 erisipetas

82 3179 150 3234 icir‘
163 3179 243 3247 Sim)
258 3176 427 3247 appellatur,
442 3179 528 3247 siqui-

61 3248 291 3306 demvioinasibi
299 3251 361 3303 loca
370 3248 528 3304 invadendo

60 3321 209 3392 possideat
225 3327 259 3374 24
278 3322 361 3390 (cade
379 3321 483 3378 Isidor.
503 3327 528 3389 4,

39 3459 359 3536 έρυσιπελατώδηςε
380 3465 509 3522 tumor..
522 3505 529 3520 .

592 347 656 386 cum
673 331 774 386 rubore
792 330 854 402 igni
871 348 951 387 sacro
971 331 1056 387 simu·

592 401 671 457 tante
689 402 765 471 quod
779 401 879 458 Graeci
894 403 1058 473 herisipela-

591 473 672 528 tedes
686 474 724 543 (p)
739 477 843 529 vocant
856 480 900 529 36.
934 473 977 528 sin
990 490 1057 529 vero

591 542 684 599 heresi
722 545 832 601 latodes
861 545 966 601 fuerint
997 562 1056 600 car·

592 615 665 670 buno
698 614 754 670 ‘id
768 619 812 672 est
825 633 889 672 oum
907 617 1008 671 rubore
1026 618 1059 671 ut

591 686 622 740 in
649 684 744 742 vicina
778 688 860 758 parte
888 687 943 743 sibi
969 686 1059 743 veluti

592 755 667 828 ignis
681 774 759 812 sacer
773 758 937 814 ostendatur
950 764 994 813 22.
1022 759 1058 825 cf.

592 829 673 884 Ater.
692 845 738 898 cp.
756 828 824 884 Sim.
843 846 865 885 s.
883 847 908 884 o.

575 893 718 971 ἐσχάραι
751 917 814 955 cum
843 917 939 956 escars
970 903 1060 971 (scara

594 972 638 1040 op)
662 987 748 1040 quam
771 988 822 1026 nos
846 975 968 1027 crustam
991 972 1059 1026 dici·

593 1058 656 1097 mus
676 1048 719 1097 67.
748 1059 833 1111 quam
851 1043 899 1097 diu
913 1060 943 1098 se
962 1059 1060 1099 escum

592 1113 670 1168 levet
686 1113 716 1169 id
735 1115 778 1169 est
791 1116 885 1168 crusta
904 1119 946 1171 68.
982 1131 1061 1170 seara

593 1185 641 1238 tat.
656 1185 739 1239 etium
751 1201 770 1254 9
784 1190 818 1240 22
833 1185 1001 1255 (membrum
1016 1226 1058 1240 ...

592 1253 714 1310 inuritur
730 1257 760 1310 et
776 1257 933 1312 ulceratum
952 1271 1060 1312 scaram

592 1325 673 1396 facit)
691 1331 738 1382 etc.
768 1328 803 1393 cs.
819 1326 916 1382 Simon
928 1343 949 1382 o.
965 1343 1060 1382 escara

593 1396 747 1464 t...(iass.
771 1398 819 1453 Fe.
848 1415 929 1454 scara
951 1398 969 1453 i.
999 1415 1059 1452 cru·

594 1468 689 1536 stulu).
724 1467 795 1524 (icet.
819 1471 874 1525 chr.
895 1477 924 1538 t,
945 1475 1058 1525 16-18.

575 1531 810 1613 ἑτεροκρανὶαε
848 1541 954 1611 dispari
987 1543 1061 1596 tem-

592 1627 692 1680 porum
724 1610 828 1680 dolori,
860 1629 926 1667 nam
959 1611 1061 1668 Graeci

593 1682 817 1739 etherocraniam
836 1685 889 1754 (qo)
912 1686 1015 1740 vocant
1035 1690 1060 1740 1.

594 1754 629 1821 cf.
644 1752 754 1809 dolores
769 1755 958 1810 heterocranii
967 1755 1061 1812 Marc.
1078 1779 1083 1782 ·

589 1841 620 1894 p.
645 1830 696 1894 38,
720 1826 944 1881 heterocraniam
963 1844 994 1896 p.
1013 1831 1060 1882 39.

596 1895 813 1964 Ouet.ctsr.1,4
831 1897 877 1951 vel
896 1899 972 1952 certe
990 1899 1060 1952 tem-

593 1983 693 2036 porum
712 1967 813 2037 (dolor)
833 1984 917 2036 quem
935 1968 1061 2023 dolorem

594 2038 751 2108 orotaphon
771 2039 886 2108 (stood.)
906 2039 1061 2108 appellant.

593 2110 634 2164 sic
648 2114 673 2163 et
687 2103 922 2180 (ireoopdoctpr'u)
933 2110 1060 2179 „ethero-

594 2179 705 2234 ftalmiu
737 2181 834 2236 Demo.
869 2183 912 2236 est
943 2181 1059 2235 alterius

595 2250 713 2335 pruliab
721 2252 811 2306 altero
819 2251 950 2307 differens
958 2253 1062 2307 color“.

577 2336 739 2391 ευχυμοςτ
763 2325 806 2378 est
827 2340 950 2392 namque
973 2323 1062 2379 bonus

594 2393 695 2449 humor
712 2395 758 2449 leo
776 2395 851 2463 quod
866 2393 966 2451 Graeci
986 2395 1061 2450 euxi-

595 2482 661 2520 mon
681 2467 742 2536 (pp,
767 2465 888 2536 eupinon
911 2469 935 2533 c)
958 2469 1063 2521 vocant

596 2542 629 2592 29
658 2537 735 2606 (sim.
765 2537 891 2592 eukimos
921 2537 982 2592 Cas.
1014 2538 1062 2592 Fe.

595 2607 685 2665 bonde
703 2608 822 2675 humor).

577 2671 726 2748 ἑφελκὶςτ
753 2679 856 2734 iterum
883 2679 1062 2735 resolvuntur

596 2749 712 2820 (ulcera)
746 2752 776 2805 et
803 2751 833 2804 in
863 2750 976 2806 ‘orificio
1009 2751 1061 2806 ali·

596 2821 708 2889 quando
754 2821 921 2877 certidiones
968 2822 1063 2890 (eorti-

596 2891 703 2959 cioner,
727 2899 864 2948 —zonest
894 2893 929 2959 cf.
958 2895 1062 2961 adnot.)

596 2963 757 3033 ostendunt,
771 2979 841 3033 quos
854 2961 955 3019 Graeci
969 2963 1063 3018 eselci-

596 3035 648 3089 das
666 3036 769 3090 vocant
787 3041 830 3090 20.

578 3101 708 3177 carru:
744 3106 870 3161 maculas
902 3105 997 3175 nigras
1032 3106 1063 3160 in

596 3177 677 3232 vultu
704 3176 816 3231 feminis
849 3193 883 3231 ex
915 3175 1061 3232 abortione

595 3247 777 3318 praecedenti
813 3248 902 3303 factas
935 3249 980 3303 vel
1013 3249 1062 3304 ad·

596 3320 705 3374 ustione
747 3319 813 3374 solis
856 3337 925 3387 quas
963 3319 1063 3375 Graeci

596 3391 741 3535 1111111
748 3390 996 3518 tedred
1006 3391 1097 3505 ihs
