2318 3788
489 135 730 199 -112-

102 283 224 343 seminis
246 280 382 362 feniculi,
405 297 505 341 amoos
527 278 558 341 id
582 287 628 341 est
647 280 770 340 seminis
792 279 954 361 vilicionis,
975 277 1087 341 bacarum

100 369 190 452 lauri,
226 370 313 432 dauci
350 370 467 449 cretici,
504 370 637 429 omnium
658 370 808 447 ¹quinque
845 370 951 431 uncias
985 364 1088 448 singultu

101 462 204 540 semis,
228 461 340 520 caricas
362 459 490 538 pingues
512 475 638 518 numero
657 455 708 516 XV
731 475 801 518 cum
823 475 901 536 aqua
924 465 955 519 et
976 455 1052 518 melle
1068 460 1089 515 et

100 549 217 609 modico
245 547 310 607 oleo
338 564 450 626 coques
479 554 509 606 et
536 563 680 626 appones,
713 553 744 637 et
770 554 840 625 post
866 545 1039 626 cataplasma
1057 541 1089 604 dia

75 643 272 717 ospermaton
295 634 467 714 epithimate
490 637 586 696 uteris
609 642 660 695 ant
683 632 730 694 dia
753 652 895 696 samsucu
918 636 1049 715 superius
1066 626 1090 692 ud

100 727 308 786 ventositatem
332 723 477 785 stomachi
499 725 621 802 scripto.

353 881 438 944 XLV.
474 881 523 942 Ad
546 899 673 943 renum
696 881 864 943 dolorem.
974 936 976 940 ,

188 1007 319 1088 Piperis,
346 1005 537 1087 petroselini,
568 1007 658 1087 asari,
692 1004 833 1066 bacarum
861 1005 951 1088 lauri,
984 1008 1097 1069 omniun

101 1104 242 1176 quattuor
264 1097 354 1175 paria.
369 1094 502 1174 pondera
524 1094 633 1156 tundes
654 1111 761 1155 cernes
784 1093 957 1176 diligenter,
980 1105 1010 1157 et
1030 1092 1097 1156 dabis

60 1198 87 1238 10
100 1184 279 1246 coclearium
306 1183 320 1243 l
352 1185 384 1245 in
398 1247 400 1252 ,
415 1200 503 1263 passo
530 1183 678 1263 tepefacto
705 1184 858 1262 potionem
886 1185 989 1245 ieiuno
1017 1182 1097 1245 trdus

99 1272 213 1335 diebus.
256 1280 287 1334 et
315 1274 341 1333 si
368 1271 560 1334 immobiliter
583 1289 615 1332 se
643 1270 751 1332 habeat
773 1279 927 1355 aegrotus,
958 1273 1097 1335 confestim

99 1362 260 1424 sanabitur.
308 1363 356 1422 sin
387 1379 458 1422 vero
490 1367 610 1441 reperta
645 1360 737 1421 luerit
768 1377 893 1422 arenosa
926 1361 1048 1441 qualitas
1074 1361 1097 1420 in

98 1453 194 1512 urinis
220 1459 290 1530 post
316 1449 520 1511 medicaminis
547 1451 699 1529 potionem
732 1456 898 1530 acceptam,
930 1452 1018 1512 sicuti
1047 1447 1097 1509 Ga·

98 1538 203 1600 lenus
229 1541 260 1599 in
289 1538 472 1617 diagnostice
501 1539 556 1620 ait,
584 1538 825 1599 manifestissime
848 1539 995 1600 neiretica
1015 1538 1097 1619 passio

59 1639 85 1679 1⁵
98 1626 282 1706 intellegitur
304 1626 335 1687 id
359 1634 404 1687 est
427 1626 545 1687 renalis.
660 1689 664 1696 ,

185 1717 268 1794 potio
296 1717 407 1795 optime
436 1715 628 1794 confringens
659 1714 771 1795 lapides
803 1716 835 1775 in
864 1715 989 1777 renibus
1019 1722 1097 1776 natos

98 1803 324 1886 carpobalsami,
366 1802 471 1883 lapidis
508 1805 560 1883 qui
595 1806 627 1864 in
664 1805 797 1883 spongiis
832 1807 917 1864 noris
954 1805 1097 1885 reperitur,

96 1891 189 1972 puleii
229 1894 302 1953 sicci
342 1891 439 1974 lloris,
480 1891 591 1952 malvae
632 1893 759 1971 agrestis
799 1894 936 1973 seminis,
980 1892 1097 1954 omnium

169 2156 183 2203 1
207 2166 310 2207 amoos.
335 2149 356 2207 I.
380 2154 468 2205 semrfi
485 2151 489 2218 Ι
505 2149 649 2204 mhcioms
672 2150 773 2205 buccas
795 2150 815 2206 l.
839 2150 867 2204 d.
890 2167 928 2206 cr.
953 2154 1011 2208 ofir‘r
1029 2143 1097 2212 lt?

96 2219 221 2291 singulas
242 2220 260 2275 S
279 2237 318 2302 c..
374 2225 465 2276 anuo
484 2238 510 2275 c:
529 2236 579 2275 om.
594 2236 627 2289 p.
700 2218 881 2302 tepith'ep:
900 2236 990 2279 mac.
1056 2217 1097 2275 ant

95 2306 223 2416 itata.
244 2291 711 2432 adtt'imtitttssidto),
735 2289 1097 2443 addititiam}

95 2432 221 2501 capituli.
294 2438 311 2488 8
330 2431 462 2487 bacarum
476 2449 508 2502 p,
525 2433 678 2487 baccarum
696 2449 718 2487 c.
798 2449 926 2487 ommum
943 2439 1061 2505 quatuor
1075 2444 1097 2484 c:

94 2518 144 2558 mc.
159 2520 190 2572 p.
299 2509 315 2557 9
334 2503 424 2572 paria
446 2504 572 2574 pondera
593 2501 684 2558 tunsis
707 2503 792 2558 cretis
816 2503 969 2574 diligenter
991 2506 1097 2563 debiat

95 2573 175 2644 paria
196 2592 222 2643 p.
252 2573 339 2628 tunde
363 2573 513 2644 diligenter
537 2576 568 2630 et
593 2591 684 2630 cerne.
716 2575 796 2629 dabis
817 2590 849 2643 p.
961 2583 994 2632 10
1019 2569 1096 2633 eool’r

95 2647 114 2700 1.
139 2661 180 2714 cp.
271 2643 417 2714 potionem
440 2661 490 2702 om.
514 2663 536 2701 ο.
625 2645 722 2700 ieiumi
742 2644 783 2699 Ill
806 2643 905 2700 diebus
929 2664 955 2703 c:
979 2650 1000 2704 Ι.
1022 2646 1097 2704 tribu*

94 2715 194 2770 diebus
212 2715 313 2770 ieiunis
327 2731 358 2782 p.
451 2722 483 2771 11
503 2717 528 2771 si
546 2747 579 2756 —
599 2718 714 2786 egrotus
727 2732 762 2786 p:
781 2731 831 2770 ora.
847 2732 869 2772 c.
963 2725 995 2774 12
1016 2718 1096 2774 Sine

95 2785 118 2840 si
136 2802 168 2855 p.
258 2786 370 2854 reperta
388 2802 424 2853 p:
447 2787 557 2856 repleta
574 2803 596 2842 ο.
687 2803 806 2842 arenosa
827 2787 950 2856 qualitas
973 2790 1010 2859 (et
1034 2789 1097 2860 φοιμ

93 2857 186 2926 μῶδες
208 2856 297 2924 Galle
320 2872 469 2911 arenarum
488 2857 610 2926 qualitas
627 2872 655 2924 c,
679 2873 764 2912 arena
787 2858 839 2924 (stc
856 2859 960 2930 simpl.)
972 2878 1004 2930 p.
1074 2859 1094 2909 1

92 2944 221 3015 galienus
239 2961 266 3014 ο,
289 2943 345 3014 gal'
362 2961 392 3014 p.
475 2951 509 3000 14
527 2944 751 3017 diagnosiceteee
769 2930 968 3019 c‚d1{’gstrcop
987 2952 1031 3020 (=
1045 2955 1097 3004 aet

91 3016 149 3070 τῶν
170 3035 237 3072 aen.
259 3012 348 3070 τόπον
373 3015 474 3087 VIII,
499 3018 572 3086 391).
678 3022 711 3071 14
729 3017 860 3074 neufreca
879 3035 905 3087 c,
929 3021 1062 3077 nefretiea
1074 3028 1097 3087 1

94 3092 126 3140 16
140 3087 267 3157 lapidem
281 3130 288 3143 .
305 3129 311 3142 .
327 3128 333 3140 .
347 3088 446 3141 natum
455 3104 486 3157 p.
561 3091 593 3142 li
607 3088 828 3157 ltpraemittuct
841 3106 882 3158 cp.
955 3091 1062 3162 lapides
1076 3099 1097 3156 1

92 3172 142 3213 orn.
166 3175 181 3212 c
205 3159 301 3227 (λίθου
324 3159 375 3212 τοῦ
399 3153 431 3212 ἐν
455 3156 588 3229 σπόγγοις
611 3153 814 3229 εὑρισκομένου
838 3161 901 3216 aaz.
926 3162 1030 3230 XIII,
1049 3162 1095 3216 32

91 3244 142 3298 ubi
159 3245 229 3300 idem
246 3247 304 3313 fere
320 3247 468 3302 rmueda'am
487 3247 682 3316 Asclepiadis).
773 3265 828 3317 que
842 3266 878 3318 p,
902 3238 930 3320 31³3
951 3268 973 3306 c.
1064 3256 1097 3302 re

91 3315 199 3383 peritur
217 3333 246 3371 c:
270 3317 400 3373 -iuntur
413 3336 444 3388 p.
536 3324 569 3374 18
587 3317 696 3387 pulegii
714 3335 741 3387 e,
764 3319 854 3388 pullei
867 3337 898 3389 p.
989 3322 1054 3377 flore
1070 3332 1097 3384 c,

91 3387 153 3450 (om.
174 3385 257 3456 Get).
331 3389 444 3445 seminis
463 3407 489 3445 c:
509 3405 604 3444 semen
617 3405 648 3458 p.
