<?xml version="1.0" encoding="UTF-8"?>
<!DOCTYPE html PUBLIC "-//W3C//DTD XHTML 1.0 Transitional//EN"
    "http://www.w3.org/TR/xhtml1/DTD/xhtml1-transitional.dtd">
<html xmlns="http://www.w3.org/1999/xhtml" xml:lang="en" lang="en">
 <head>
  <title>
</title>
<meta http-equiv="Content-Type" content="text/html;charset=utf-8" />
  <meta name='ocr-system' content='tesseract 3.04.00' />
  <meta name='ocr-capabilities' content='ocr_page ocr_carea ocr_par ocr_line ocrx_word'/>
</head>
<body>
  <div class='ocr_page' id='page_1' title='image "./cassiifelicisde01feligoog_0107.png"; bbox 0 0 2318 3788; ppageno 0'>
   <div class='ocr_carea' id='block_1_1' title="bbox 498 151 717 216">
    <p class='ocr_par' dir='ltr' id='par_1_1' title="bbox 498 151 717 216">
     <span class='ocr_line' id='line_1_1' title="bbox 498 151 717 216; baseline -0.005 -17"><span class='ocrx_word' id='word_1_1' title='bbox 498 151 717 216; x_wconf 75' lang='lat'>..90-</span> 
     </span>
    </p>
   </div>
   <div class='ocr_carea' id='block_1_2' title="bbox 52 295 1157 823">
    <p class='ocr_par' dir='ltr' id='par_1_2' title="bbox 52 295 1116 645">
     <span class='ocr_line' id='line_1_2' title="bbox 52 295 1116 378; baseline -0.004 -17"><span class='ocrx_word' id='word_1_2' title='bbox 52 364 56 372; x_wconf 72' lang='grc'><strong>,</strong></span> <span class='ocrx_word' id='word_1_3' title='bbox 189 298 277 360; x_wconf 86' lang='lat' dir='ltr'>aliud.</span> <span class='ocrx_word' id='word_1_4' title='bbox 310 299 545 378; x_wconf 86' lang='lat' dir='ltr'>anagargarisma</span> <span class='ocrx_word' id='word_1_5' title='bbox 565 297 719 358; x_wconf 89' lang='lat' dir='ltr'>ischemou</span> <span class='ocrx_word' id='word_1_6' title='bbox 743 295 923 377; x_wconf 88' lang='lat' dir='ltr'>appellatum</span> <span class='ocrx_word' id='word_1_7' title='bbox 948 295 979 358; x_wconf 93' lang='lat' dir='ltr'>id</span> <span class='ocrx_word' id='word_1_8' title='bbox 1005 304 1054 357; x_wconf 88' lang='lat' dir='ltr'>est</span> <span class='ocrx_word' id='word_1_9' title='bbox 1072 314 1116 357; x_wconf 89' lang='lat' dir='ltr'>re·</span> 
     </span>
     <span class='ocr_line' id='line_1_3' title="bbox 99 385 1115 467; baseline -0.006 -18"><span class='ocrx_word' id='word_1_10' title='bbox 99 390 199 450; x_wconf 78' lang='lat' dir='ltr'>tinem</span> <span class='ocrx_word' id='word_1_11' title='bbox 223 389 411 467; x_wconf 87' lang='lat' dir='ltr'>sanguinem,</span> <span class='ocrx_word' id='word_1_12' title='bbox 434 388 461 448; x_wconf 90' lang='lat' dir='ltr'>si</span> <span class='ocrx_word' id='word_1_13' title='bbox 483 386 561 448; x_wconf 90' lang='lat' dir='ltr'>forte</span> <span class='ocrx_word' id='word_1_14' title='bbox 584 386 621 446; x_wconf 93' lang='lat' dir='ltr'>de</span> <span class='ocrx_word' id='word_1_15' title='bbox 644 385 781 448; x_wconf 91' lang='lat' dir='ltr'>faucibus</span> <span class='ocrx_word' id='word_1_16' title='bbox 804 394 856 446; x_wconf 92' lang='lat' dir='ltr'>aut</span> <span class='ocrx_word' id='word_1_17' title='bbox 874 403 932 446; x_wconf 82' lang='lat' dir='ltr'>ura</span> <span class='ocrx_word' id='word_1_18' title='bbox 950 386 1115 465; x_wconf 87' lang='lat' dir='ltr'>contigerit.</span> 
     </span>
     <span class='ocr_line' id='line_1_4' title="bbox 99 472 1115 556; baseline -0.003 -19"><span class='ocrx_word' id='word_1_19' title='bbox 99 495 198 538; x_wconf 87' lang='lat' dir='ltr'>rosam</span> <span class='ocrx_word' id='word_1_20' title='bbox 222 479 346 556; x_wconf 86' lang='lat' dir='ltr'>siccam,</span> <span class='ocrx_word' id='word_1_21' title='bbox 368 477 513 537; x_wconf 80' lang='lat' dir='ltr'><strong>senticem</strong></span> <span class='ocrx_word' id='word_1_22' title='bbox 535 474 673 555; x_wconf 89' lang='lat' dir='ltr'>viridem,</span> <span class='ocrx_word' id='word_1_23' title='bbox 696 483 821 556; x_wconf 78' lang='lat' dir='ltr'>myrtam</span> <span class='ocrx_word' id='word_1_24' title='bbox 840 472 981 553; x_wconf 76' lang='lat' dir='ltr'>nigellam</span> <span class='ocrx_word' id='word_1_25' title='bbox 999 475 1115 553; x_wconf 79' lang='lat' dir='ltr'>siccam</span> 
     </span>
     <span class='ocr_line' id='line_1_5' title="bbox 99 561 1113 645; baseline -0.005 -18"><span class='ocrx_word' id='word_1_26' title='bbox 99 565 190 645; x_wconf 85' lang='lat' dir='ltr'>gallas</span> <span class='ocrx_word' id='word_1_27' title='bbox 213 564 398 626; x_wconf 90' lang='lat' dir='ltr'>omfacitidas</span> <span class='ocrx_word' id='word_1_28' title='bbox 421 563 526 625; x_wconf 88' lang='lat' dir='ltr'>leviter</span> <span class='ocrx_word' id='word_1_29' title='bbox 545 571 712 644; x_wconf 88' lang='lat' dir='ltr'>quassatas,</span> <span class='ocrx_word' id='word_1_30' title='bbox 736 562 825 624; x_wconf 90' lang='lat' dir='ltr'>simul</span> <span class='ocrx_word' id='word_1_31' title='bbox 843 563 944 623; x_wconf 86' lang='lat' dir='ltr'>omnia</span> <span class='ocrx_word' id='word_1_32' title='bbox 967 561 1113 642; x_wconf 80' lang='lat' dir='ltr'>decoqnes</span> 
     </span>
    </p>

    <p class='ocr_par' dir='ltr' id='par_1_3' title="bbox 72 649 1157 823">
     <span class='ocr_line' id='line_1_6' title="bbox 72 649 1114 734; baseline 0 -24"><span class='ocrx_word' id='word_1_33' title='bbox 72 656 131 714; x_wconf 79' lang='lat' dir='ltr'>ein</span> <span class='ocrx_word' id='word_1_34' title='bbox 149 672 239 734; x_wconf 90' lang='lat' dir='ltr'>posca</span> <span class='ocrx_word' id='word_1_35' title='bbox 259 662 289 715; x_wconf 90' lang='lat' dir='ltr'>et</span> <span class='ocrx_word' id='word_1_36' title='bbox 312 652 397 714; x_wconf 92' lang='lat' dir='ltr'>dabis</span> <span class='ocrx_word' id='word_1_37' title='bbox 415 652 674 733; x_wconf 80' lang='lat' dir='ltr'>gargarizandum,</span> <span class='ocrx_word' id='word_1_38' title='bbox 697 660 808 714; x_wconf 87' lang='lat' dir='ltr'>aestate</span> <span class='ocrx_word' id='word_1_39' title='bbox 831 650 974 731; x_wconf 88' lang='lat' dir='ltr'>frigidum</span> <span class='ocrx_word' id='word_1_40' title='bbox 992 649 1114 713; x_wconf 87' lang='lat' dir='ltr'>hiberno</span> 
     </span>
     <span class='ocr_line' id='line_1_7' title="bbox 100 732 1157 823; baseline -0.005 -19"><span class='ocrx_word' id='word_1_41' title='bbox 100 743 243 823; x_wconf 86' lang='lat' dir='ltr'>tepidum.</span> <span class='ocrx_word' id='word_1_42' title='bbox 261 736 271 823; x_wconf 70' lang='lat' dir='ltr'>ll</span> <span class='ocrx_word' id='word_1_43' title='bbox 1155 732 1157 756; x_wconf 82' lang='lat'><strong>²</strong></span> 
     </span>
    </p>
   </div>
   <div class='ocr_carea' id='block_1_3' title="bbox 44 900 791 981">
    <p class='ocr_par' dir='ltr' id='par_1_4' title="bbox 44 900 791 981">
     <span class='ocr_line' id='line_1_8' title="bbox 44 900 791 981; baseline 0.005 -25"><span class='ocrx_word' id='word_1_44' title='bbox 44 915 92 967; x_wconf 82' lang='lat' dir='ltr'>no)</span> <span class='ocrx_word' id='word_1_45' title='bbox 435 901 494 962; x_wconf 88' lang='lat' dir='ltr'>XL.</span> <span class='ocrx_word' id='word_1_46' title='bbox 532 900 581 961; x_wconf 79' lang='lat' dir='ltr'>nd</span> <span class='ocrx_word' id='word_1_47' title='bbox 603 901 791 981; x_wconf 88' lang='lat' dir='ltr'>pthisicos.</span> 
     </span>
    </p>
   </div>
   <div class='ocr_carea' id='block_1_4' title="bbox 49 1023 1157 2436">
    <p class='ocr_par' dir='ltr' id='par_1_5' title="bbox 49 1023 1157 2436">
     <span class='ocr_line' id='line_1_9' title="bbox 189 1023 1112 1104; baseline 0 -20"><span class='ocrx_word' id='word_1_48' title='bbox 189 1024 244 1086; x_wconf 87' lang='lat' dir='ltr'>Est</span> <span class='ocrx_word' id='word_1_49' title='bbox 280 1033 381 1086; x_wconf 91' lang='lat' dir='ltr'>autem</span> <span class='ocrx_word' id='word_1_50' title='bbox 417 1025 544 1104; x_wconf 90' lang='lat' dir='ltr'>pthisica</span> <span class='ocrx_word' id='word_1_51' title='bbox 583 1027 682 1104; x_wconf 84' lang='lat' dir='ltr'>passio</span> <span class='ocrx_word' id='word_1_52' title='bbox 719 1023 863 1085; x_wconf 90' lang='lat' dir='ltr'>ulceratio</span> <span class='ocrx_word' id='word_1_53' title='bbox 900 1023 1052 1104; x_wconf 84' lang='lat' dir='ltr'><strong>pulmonis</strong></span> <span class='ocrx_word' id='word_1_54' title='bbox 1086 1031 1112 1084; x_wconf 89' lang='lat' dir='ltr'>et</span> 
     </span>
     <span class='ocr_line' id='line_1_10' title="bbox 99 1111 1111 1194; baseline -0.002 -20"><span class='ocrx_word' id='word_1_55' title='bbox 99 1114 230 1174; x_wconf 74' lang='lat' dir='ltr'>thoracis</span> <span class='ocrx_word' id='word_1_56' title='bbox 254 1131 323 1174; x_wconf 93' lang='lat' dir='ltr'>cum</span> <span class='ocrx_word' id='word_1_57' title='bbox 347 1113 514 1174; x_wconf 84' lang='lat' dir='ltr'>defluxione</span> <span class='ocrx_word' id='word_1_58' title='bbox 538 1117 682 1194; x_wconf 89' lang='lat' dir='ltr'>corporis.</span> <span class='ocrx_word' id='word_1_59' title='bbox 721 1111 773 1173; x_wconf 92' lang='lat' dir='ltr'>sed</span> <span class='ocrx_word' id='word_1_60' title='bbox 791 1112 872 1172; x_wconf 92' lang='lat' dir='ltr'>illam</span> <span class='ocrx_word' id='word_1_61' title='bbox 896 1121 1013 1174; x_wconf 87' lang='lat' dir='ltr'>veteres</span> <span class='ocrx_word' id='word_1_62' title='bbox 1036 1113 1111 1192; x_wconf 88' lang='lat' dir='ltr'>peio-</span> 
     </span>
     <span class='ocr_line' id='line_1_11' title="bbox 60 1199 1113 1282; baseline 0.003 -24"><span class='ocrx_word' id='word_1_63' title='bbox 60 1219 85 1259; x_wconf 86' lang='grc' dir='ltr'>ιο</span> <span class='ocrx_word' id='word_1_64' title='bbox 99 1221 164 1263; x_wconf 89' lang='lat' dir='ltr'>rem</span> <span class='ocrx_word' id='word_1_65' title='bbox 192 1211 280 1282; x_wconf 87' lang='lat' dir='ltr'>atque</span> <span class='ocrx_word' id='word_1_66' title='bbox 311 1201 505 1265; x_wconf 85' lang='lat' dir='ltr'>insanabilem</span> <span class='ocrx_word' id='word_1_67' title='bbox 537 1201 642 1263; x_wconf 91' lang='lat' dir='ltr'>dicunt</span> <span class='ocrx_word' id='word_1_68' title='bbox 673 1219 749 1281; x_wconf 84' lang='lat' dir='ltr'>qnae</span> <span class='ocrx_word' id='word_1_69' title='bbox 782 1201 874 1262; x_wconf 87' lang='lat' dir='ltr'>fuerit</span> <span class='ocrx_word' id='word_1_70' title='bbox 905 1199 1056 1280; x_wconf 82' lang='lat' dir='ltr'>pulmonis</span> <span class='ocrx_word' id='word_1_71' title='bbox 1087 1209 1113 1261; x_wconf 90' lang='lat' dir='ltr'>et</span> 
     </span>
     <span class='ocr_line' id='line_1_12' title="bbox 99 1289 1110 1370; baseline -0.003 -17"><span class='ocrx_word' id='word_1_72' title='bbox 99 1291 266 1354; x_wconf 89' lang='lat' dir='ltr'>secundum</span> <span class='ocrx_word' id='word_1_73' title='bbox 289 1300 415 1352; x_wconf 92' lang='lat' dir='ltr'>aetatem</span> <span class='ocrx_word' id='word_1_74' title='bbox 434 1290 592 1352; x_wconf 85' lang='lat' dir='ltr'>iuvenibus</span> <span class='ocrx_word' id='word_1_75' title='bbox 611 1293 704 1370; x_wconf 86' lang='lat' dir='ltr'>magis</span> <span class='ocrx_word' id='word_1_76' title='bbox 724 1307 812 1369; x_wconf 91' lang='lat' dir='ltr'>quam</span> <span class='ocrx_word' id='word_1_77' title='bbox 831 1289 955 1351; x_wconf 85' lang='lat' dir='ltr'>sonibus</span> <span class='ocrx_word' id='word_1_78' title='bbox 976 1298 1110 1368; x_wconf 87' lang='lat' dir='ltr'>creatam,</span> 
     </span>
     <span class='ocr_line' id='line_1_13' title="bbox 99 1380 1111 1460; baseline -0.002 -20"><span class='ocrx_word' id='word_1_79' title='bbox 99 1382 247 1460; x_wconf 90' lang='lat' dir='ltr'>siquidem</span> <span class='ocrx_word' id='word_1_80' title='bbox 270 1380 408 1442; x_wconf 86' lang='lat' dir='ltr'>iuvenilis</span> <span class='ocrx_word' id='word_1_81' title='bbox 427 1388 507 1440; x_wconf 87' lang='lat' dir='ltr'>aetas</span> <span class='ocrx_word' id='word_1_82' title='bbox 530 1382 578 1440; x_wconf 89' lang='lat' dir='ltr'>sui</span> <span class='ocrx_word' id='word_1_83' title='bbox 601 1380 750 1440; x_wconf 82' lang='lat' dir='ltr'>fervorem</span> <span class='ocrx_word' id='word_1_84' title='bbox 769 1381 890 1458; x_wconf 88' lang='lat' dir='ltr'>erigens</span> <span class='ocrx_word' id='word_1_85' title='bbox 911 1381 944 1440; x_wconf 93' lang='lat' dir='ltr'>in</span> <span class='ocrx_word' id='word_1_86' title='bbox 966 1387 1111 1440; x_wconf 90' lang='lat' dir='ltr'>tumorem</span> 
     </span>
     <span class='ocr_line' id='line_1_14' title="bbox 98 1467 1111 1549; baseline -0.004 -19"><span class='ocrx_word' id='word_1_87' title='bbox 98 1471 277 1549; x_wconf 77' lang='lat' dir='ltr'>putrefaciat</span> <span class='ocrx_word' id='word_1_88' title='bbox 305 1478 335 1530; x_wconf 92' lang='lat' dir='ltr'>et</span> <span class='ocrx_word' id='word_1_89' title='bbox 363 1469 496 1530; x_wconf 91' lang='lat' dir='ltr'>sordidet</span> <span class='ocrx_word' id='word_1_90' title='bbox 527 1468 628 1530; x_wconf 91' lang='lat' dir='ltr'>ulcera</span> <span class='ocrx_word' id='word_1_91' title='bbox 661 1485 752 1548; x_wconf 89' lang='lat' dir='ltr'>supra</span> <span class='ocrx_word' id='word_1_92' title='bbox 783 1467 872 1528; x_wconf 86' lang='lat' dir='ltr'>diota.</span> <span class='ocrx_word' id='word_1_93' title='bbox 917 1468 1049 1529; x_wconf 87' lang='lat' dir='ltr'>efficitur</span> <span class='ocrx_word' id='word_1_94' title='bbox 1079 1484 1111 1527; x_wconf 80' lang='lat' dir='ltr'>ex</span> 
     </span>
     <span class='ocr_line' id='line_1_15' title="bbox 99 1555 1157 1638; baseline -0.003 -21"><span class='ocrx_word' id='word_1_95' title='bbox 99 1557 288 1618; x_wconf 83' lang='lat' dir='ltr'>antecedenti</span> <span class='ocrx_word' id='word_1_96' title='bbox 320 1559 472 1637; x_wconf 90' lang='lat' dir='ltr'>sanguinis</span> <span class='ocrx_word' id='word_1_97' title='bbox 504 1559 710 1638; x_wconf 68' lang='lat' dir='ltr'>renotatione,</span> <span class='ocrx_word' id='word_1_98' title='bbox 744 1573 834 1635; x_wconf 90' lang='lat' dir='ltr'>quam</span> <span class='ocrx_word' id='word_1_99' title='bbox 865 1555 973 1616; x_wconf 88' lang='lat' dir='ltr'>Graeci</span> <span class='ocrx_word' id='word_1_100' title='bbox 1005 1563 1111 1617; x_wconf 86' lang='lat' dir='ltr'>ematos</span> <span class='ocrx_word' id='word_1_101' title='bbox 1155 1604 1157 1613; x_wconf 93' lang='lat'><em>.</em></span> 
     </span>
     <span class='ocr_line' id='line_1_16' title="bbox 59 1643 1157 1727; baseline 0.001 -24"><span class='ocrx_word' id='word_1_102' title='bbox 59 1662 85 1702; x_wconf 85' lang='lat'>15</span> <span class='ocrx_word' id='word_1_103' title='bbox 99 1663 250 1725; x_wconf 83' lang='lat' dir='ltr'>anagogen</span> <span class='ocrx_word' id='word_1_104' title='bbox 278 1646 395 1727; x_wconf 81' lang='lat' dir='ltr'>dIcunt‚</span> <span class='ocrx_word' id='word_1_105' title='bbox 424 1653 475 1706; x_wconf 91' lang='lat' dir='ltr'>aut</span> <span class='ocrx_word' id='word_1_106' title='bbox 503 1646 697 1726; x_wconf 82' lang='lat' dir='ltr'>perlongum</span> <span class='ocrx_word' id='word_1_107' title='bbox 725 1643 901 1706; x_wconf 84' lang='lat' dir='ltr'>tussiculam</span> <span class='ocrx_word' id='word_1_108' title='bbox 922 1647 1111 1707; x_wconf 79' lang='lat' dir='ltr'>reumatismo</span> <span class='ocrx_word' id='word_1_109' title='bbox 1155 1658 1157 1689; x_wconf 80' lang='lat'><em>2</em></span> 
     </span>
     <span class='ocr_line' id='line_1_17' title="bbox 98 1733 1157 1815; baseline -0.004 -20"><span class='ocrx_word' id='word_1_110' title='bbox 98 1733 239 1814; x_wconf 89' lang='lat' dir='ltr'>pulmone</span> <span class='ocrx_word' id='word_1_111' title='bbox 254 1743 305 1795; x_wconf 91' lang='lat' dir='ltr'>aut</span> <span class='ocrx_word' id='word_1_112' title='bbox 318 1735 449 1815; x_wconf 88' lang='lat' dir='ltr'>thorace,</span> <span class='ocrx_word' id='word_1_113' title='bbox 468 1742 519 1796; x_wconf 90' lang='lat' dir='ltr'>ant</span> <span class='ocrx_word' id='word_1_114' title='bbox 532 1737 650 1796; x_wconf 90' lang='lat' dir='ltr'>interna</span> <span class='ocrx_word' id='word_1_115' title='bbox 664 1733 839 1795; x_wconf 89' lang='lat' dir='ltr'>collectione</span> <span class='ocrx_word' id='word_1_116' title='bbox 857 1750 948 1812; x_wconf 88' lang='lat' dir='ltr'>quam</span> <span class='ocrx_word' id='word_1_117' title='bbox 962 1749 1110 1814; x_wconf 81' lang='lat' dir='ltr'>empyema</span> <span class='ocrx_word' id='word_1_118' title='bbox 1155 1746 1157 1789; x_wconf 87' lang='grc'><strong>;</strong></span> 
     </span>
     <span class='ocr_line' id='line_1_18' title="bbox 99 1816 1157 1904; baseline -0.002 -20"><span class='ocrx_word' id='word_1_119' title='bbox 99 1823 211 1904; x_wconf 86' lang='lat' dir='ltr'>dicunt,</span> <span class='ocrx_word' id='word_1_120' title='bbox 231 1842 298 1884; x_wconf 92' lang='lat' dir='ltr'>cnm</span> <span class='ocrx_word' id='word_1_121' title='bbox 318 1824 395 1884; x_wconf 90' lang='lat' dir='ltr'>forte</span> <span class='ocrx_word' id='word_1_122' title='bbox 410 1841 530 1884; x_wconf 85' lang='lat' dir='ltr'>sursum</span> <span class='ocrx_word' id='word_1_123' title='bbox 546 1825 681 1902; x_wconf 86' lang='lat' dir='ltr'>eruperit</span> <span class='ocrx_word' id='word_1_124' title='bbox 701 1831 731 1882; x_wconf 93' lang='lat' dir='ltr'>et</span> <span class='ocrx_word' id='word_1_125' title='bbox 744 1823 867 1882; x_wconf 90' lang='lat' dir='ltr'>minime</span> <span class='ocrx_word' id='word_1_126' title='bbox 885 1840 941 1901; x_wconf 92' lang='lat' dir='ltr'>per</span> <span class='ocrx_word' id='word_1_127' title='bbox 959 1822 1112 1883; x_wconf 85' lang='lat' dir='ltr'>inferiores</span> <span class='ocrx_word' id='word_1_128' title='bbox 1155 1816 1157 1829; x_wconf 91' lang='lat'>&#39;</span> 
     </span>
     <span class='ocr_line' id='line_1_19' title="bbox 98 1909 1113 1991; baseline -0.002 -20"><span class='ocrx_word' id='word_1_129' title='bbox 98 1921 199 1991; x_wconf 90' lang='lat' dir='ltr'>partes</span> <span class='ocrx_word' id='word_1_130' title='bbox 222 1913 313 1973; x_wconf 90' lang='lat' dir='ltr'>fuerit</span> <span class='ocrx_word' id='word_1_131' title='bbox 336 1912 491 1973; x_wconf 88' lang='lat' dir='ltr'>desiccata.</span> <span class='ocrx_word' id='word_1_132' title='bbox 536 1913 672 1990; x_wconf 91' lang='lat' dir='ltr'>sequitur</span> <span class='ocrx_word' id='word_1_133' title='bbox 700 1919 800 1971; x_wconf 92' lang='lat' dir='ltr'>autem</span> <span class='ocrx_word' id='word_1_134' title='bbox 827 1909 1000 1972; x_wconf 89' lang='lat' dir='ltr'>laborantes</span> <span class='ocrx_word' id='word_1_135' title='bbox 1028 1912 1113 1972; x_wconf 83' lang='lat' dir='ltr'>totius</span> 
     </span>
     <span class='ocr_line' id='line_1_20' title="bbox 99 2000 1112 2080; baseline -0.003 -19"><span class='ocrx_word' id='word_1_136' title='bbox 99 2003 235 2080; x_wconf 91' lang='lat' dir='ltr'>corporis</span> <span class='ocrx_word' id='word_1_137' title='bbox 258 2001 387 2062; x_wconf 80' lang='lat' dir='ltr'>defluxio</span> <span class='ocrx_word' id='word_1_138' title='bbox 407 2000 452 2060; x_wconf 85' lang='lat' dir='ltr'>rel</span> <span class='ocrx_word' id='word_1_139' title='bbox 471 2019 541 2060; x_wconf 90' lang='lat' dir='ltr'>cum</span> <span class='ocrx_word' id='word_1_140' title='bbox 559 2002 649 2060; x_wconf 91' lang='lat' dir='ltr'>nimia</span> <span class='ocrx_word' id='word_1_141' title='bbox 667 2001 760 2060; x_wconf 91' lang='lat' dir='ltr'>macie</span> <span class='ocrx_word' id='word_1_142' title='bbox 784 2000 894 2060; x_wconf 83' lang='lat' dir='ltr'>virium</span> <span class='ocrx_word' id='word_1_143' title='bbox 919 2001 1112 2080; x_wconf 81' lang='lat' dir='ltr'>consumptio,</span> 
     </span>
     <span class='ocr_line' id='line_1_21' title="bbox 58 2087 1157 2168; baseline 0.003 -24"><span class='ocrx_word' id='word_1_144' title='bbox 58 2105 86 2146; x_wconf 79' lang='lat' dir='ltr'>so</span> <span class='ocrx_word' id='word_1_145' title='bbox 99 2088 243 2150; x_wconf 81' lang='lat' dir='ltr'>febricula</span> <span class='ocrx_word' id='word_1_146' title='bbox 268 2091 368 2150; x_wconf 88' lang='lat' dir='ltr'>tenuis</span> <span class='ocrx_word' id='word_1_147' title='bbox 392 2088 548 2167; x_wconf 89' lang='lat' dir='ltr'>aliquando</span> <span class='ocrx_word' id='word_1_148' title='bbox 571 2089 649 2168; x_wconf 91' lang='lat' dir='ltr'>iugis</span> <span class='ocrx_word' id='word_1_149' title='bbox 673 2087 831 2167; x_wconf 91' lang='lat' dir='ltr'>aliquando</span> <span class='ocrx_word' id='word_1_150' title='bbox 854 2088 1111 2168; x_wconf 86' lang='lat' dir='ltr'>intercapedinata,</span> <span class='ocrx_word' id='word_1_151' title='bbox 1155 2107 1157 2147; x_wconf 83' lang='lat'><strong>:</strong></span> 
     </span>
     <span class='ocr_line' id='line_1_22' title="bbox 99 2172 1157 2257; baseline 0 -19"><span class='ocrx_word' id='word_1_152' title='bbox 99 2196 188 2257; x_wconf 87' lang='lat' dir='ltr'>quarn</span> <span class='ocrx_word' id='word_1_153' title='bbox 217 2177 322 2238; x_wconf 87' lang='lat' dir='ltr'>Graeci</span> <span class='ocrx_word' id='word_1_154' title='bbox 349 2177 510 2256; x_wconf 91' lang='lat' dir='ltr'>dialiponta</span> <span class='ocrx_word' id='word_1_155' title='bbox 537 2184 656 2257; x_wconf 87' lang='lat' dir='ltr'>vocant,</span> <span class='ocrx_word' id='word_1_156' title='bbox 687 2172 832 2237; x_wconf 89' lang='lat' dir='ltr'>tussicula</span> <span class='ocrx_word' id='word_1_157' title='bbox 866 2179 956 2237; x_wconf 91' lang='lat' dir='ltr'>etiam</span> <span class='ocrx_word' id='word_1_158' title='bbox 986 2187 1017 2239; x_wconf 92' lang='lat' dir='ltr'>et</span> <span class='ocrx_word' id='word_1_159' title='bbox 1040 2177 1111 2256; x_wconf 82' lang='lat' dir='ltr'>fleg·</span> <span class='ocrx_word' id='word_1_160' title='bbox 1154 2186 1157 2231; x_wconf 88' lang='lat'>:</span> 
     </span>
     <span class='ocr_line' id='line_1_23' title="bbox 99 2265 1112 2345; baseline -0.002 -19"><span class='ocrx_word' id='word_1_161' title='bbox 99 2268 186 2326; x_wconf 91' lang='lat' dir='ltr'>matis</span> <span class='ocrx_word' id='word_1_162' title='bbox 214 2268 375 2326; x_wconf 87' lang='lat' dir='ltr'>reiactatio.</span> <span class='ocrx_word' id='word_1_163' title='bbox 421 2265 529 2326; x_wconf 85' lang='lat' dir='ltr'>dehine</span> <span class='ocrx_word' id='word_1_164' title='bbox 558 2266 712 2344; x_wconf 91' lang='lat' dir='ltr'>peiorante</span> <span class='ocrx_word' id='word_1_165' title='bbox 745 2266 883 2345; x_wconf 89' lang='lat' dir='ltr'>passione</span> <span class='ocrx_word' id='word_1_166' title='bbox 916 2266 1057 2345; x_wconf 90' lang='lat' dir='ltr'>putidum</span> <span class='ocrx_word' id='word_1_167' title='bbox 1086 2272 1112 2324; x_wconf 88' lang='lat' dir='ltr'>et</span> 
     </span>
     <span class='ocr_line' id='line_1_24' title="bbox 49 2347 1112 2436; baseline 0.004 -27"><span class='ocrx_word' id='word_1_168' title='bbox 49 2369 86 2411; x_wconf 73' lang='grc' dir='ltr'>ιη</span> <span class='ocrx_word' id='word_1_169' title='bbox 99 2347 302 2436; x_wconf 75' lang='lat' dir='ltr'>pnrulleutnm</span> <span class='ocrx_word' id='word_1_170' title='bbox 321 2370 412 2433; x_wconf 90' lang='lat' dir='ltr'>supra</span> <span class='ocrx_word' id='word_1_171' title='bbox 434 2353 548 2414; x_wconf 89' lang='lat' dir='ltr'>dictum</span> <span class='ocrx_word' id='word_1_172' title='bbox 566 2354 672 2434; x_wconf 87' lang='lat' dir='ltr'>flegma</span> <span class='ocrx_word' id='word_1_173' title='bbox 691 2352 868 2417; x_wconf 82' lang='lat' dir='ltr'>excluditur.</span> <span class='ocrx_word' id='word_1_174' title='bbox 908 2353 1008 2434; x_wconf 88' lang='lat' dir='ltr'>capilli</span> <span class='ocrx_word' id='word_1_175' title='bbox 1031 2356 1112 2417; x_wconf 87' lang='lat' dir='ltr'>etiam</span> 
     </span>
    </p>
   </div>
   <div class='ocr_carea' id='block_1_5' title="bbox 98 2540 1112 3481">
    <p class='ocr_par' dir='ltr' id='par_1_6' title="bbox 98 2540 1112 3481">
     <span class='ocr_line' id='line_1_25' title="bbox 173 2540 1112 2615; baseline 0.004 -20"><span class='ocrx_word' id='word_1_176' title='bbox 173 2548 187 2595; x_wconf 95' lang='lat'>1</span> <span class='ocrx_word' id='word_1_177' title='bbox 207 2542 341 2597; x_wconf 89' lang='lat' dir='ltr'>schemon</span> <span class='ocrx_word' id='word_1_178' title='bbox 357 2559 399 2613; x_wconf 77' lang='lat' dir='ltr'>pc,</span> <span class='ocrx_word' id='word_1_179' title='bbox 417 2541 551 2603; x_wconf 89' lang='lat' dir='ltr'>chesmon</span> <span class='ocrx_word' id='word_1_180' title='bbox 564 2559 595 2610; x_wconf 79' lang='lat' dir='ltr'>p.</span> <span class='ocrx_word' id='word_1_181' title='bbox 687 2549 703 2597; x_wconf 85' lang='lat'><strong>3</strong></span> <span class='ocrx_word' id='word_1_182' title='bbox 723 2541 848 2597; x_wconf 76' lang='lat' dir='ltr'>senticeta</span> <span class='ocrx_word' id='word_1_183' title='bbox 866 2540 967 2598; x_wconf 85' lang='lat' dir='ltr'>viridis</span> <span class='ocrx_word' id='word_1_184' title='bbox 985 2560 1018 2615; x_wconf 77' lang='lat'>9,</span> <span class='ocrx_word' id='word_1_185' title='bbox 1038 2543 1112 2599; x_wconf 72' lang='lat' dir='ltr'>siue</span> 
     </span>
     <span class='ocr_line' id='line_1_26' title="bbox 98 2612 1111 2704; baseline -0.002 -18"><span class='ocrx_word' id='word_1_186' title='bbox 98 2630 188 2686; x_wconf 71' lang='lat' dir='ltr'>vuius</span> <span class='ocrx_word' id='word_1_187' title='bbox 208 2648 235 2701; x_wconf 76' lang='lat' dir='ltr'>c</span> <span class='ocrx_word' id='word_1_188' title='bbox 259 2631 341 2685; x_wconf 68' lang='lat' dir='ltr'>sune</span> <span class='ocrx_word' id='word_1_189' title='bbox 360 2629 458 2685; x_wconf 76' lang='lat' dir='ltr'>vana</span> <span class='ocrx_word' id='word_1_190' title='bbox 472 2647 503 2699; x_wconf 72' lang='lat' dir='ltr'>p.</span> <span class='ocrx_word' id='word_1_191' title='bbox 594 2632 688 2701; x_wconf 67' lang='lat' dir='ltr'>myra</span> <span class='ocrx_word' id='word_1_192' title='bbox 707 2630 820 2700; x_wconf 70' lang='lat' dir='ltr'>(mirata</span> <span class='ocrx_word' id='word_1_193' title='bbox 839 2648 863 2697; x_wconf 80' lang='lat' dir='ltr'>e,</span> <span class='ocrx_word' id='word_1_194' title='bbox 881 2612 944 2686; x_wconf 59' lang='lat' dir='ltr'>bea</span> <span class='ocrx_word' id='word_1_195' title='bbox 958 2633 993 2702; x_wconf 68' lang='lat' dir='ltr'>p)</span> <span class='ocrx_word' id='word_1_196' title='bbox 1012 2632 1111 2704; x_wconf 68' lang='lat' dir='ltr'>negem</span> 
     </span>
     <span class='ocr_line' id='line_1_27' title="bbox 99 2699 1112 2776; baseline 0.002 -20"><span class='ocrx_word' id='word_1_197' title='bbox 99 2702 175 2759; x_wconf 87' lang='lat' dir='ltr'>sicca</span> <span class='ocrx_word' id='word_1_198' title='bbox 191 2718 224 2770; x_wconf 76' lang='lat' dir='ltr'>pc</span> <span class='ocrx_word' id='word_1_199' title='bbox 242 2703 335 2771; x_wconf 73' lang='lat' dir='ltr'>f-am</span> <span class='ocrx_word' id='word_1_200' title='bbox 348 2703 390 2770; x_wconf 79' lang='lat' dir='ltr'>p).</span> <span class='ocrx_word' id='word_1_201' title='bbox 481 2705 497 2755; x_wconf 84' lang='lat'>5</span> <span class='ocrx_word' id='word_1_202' title='bbox 515 2699 632 2756; x_wconf 86' lang='lat' dir='ltr'>hiberno</span> <span class='ocrx_word' id='word_1_203' title='bbox 651 2719 670 2772; x_wconf 76' lang='lat' dir='ltr'>p</span> <span class='ocrx_word' id='word_1_204' title='bbox 689 2703 746 2770; x_wconf 84' lang='lat' dir='ltr'>(sed</span> <span class='ocrx_word' id='word_1_205' title='bbox 763 2701 865 2770; x_wconf 82' lang='lat' dir='ltr'>hyeme</span> <span class='ocrx_word' id='word_1_206' title='bbox 879 2719 916 2772; x_wconf 82' lang='lat' dir='ltr'>p,</span> <span class='ocrx_word' id='word_1_207' title='bbox 939 2719 1024 2772; x_wconf 83' lang='lat' dir='ltr'>yeme</span> <span class='ocrx_word' id='word_1_208' title='bbox 1043 2720 1070 2776; x_wconf 88' lang='lat' dir='ltr'>c,</span> <span class='ocrx_word' id='word_1_209' title='bbox 1086 2707 1112 2758; x_wconf 81' lang='lat' dir='ltr'>ot</span> 
     </span>
     <span class='ocr_line' id='line_1_28' title="bbox 98 2770 1112 2844; baseline 0 -16"><span class='ocrx_word' id='word_1_210' title='bbox 98 2789 186 2843; x_wconf 81' lang='lat' dir='ltr'>supro</span> <span class='ocrx_word' id='word_1_211' title='bbox 203 2789 305 2842; x_wconf 68' lang='lat' dir='ltr'>suuper</span> <span class='ocrx_word' id='word_1_212' title='bbox 322 2773 355 2826; x_wconf 78' lang='lat' dir='ltr'>in</span> <span class='ocrx_word' id='word_1_213' title='bbox 372 2774 421 2828; x_wconf 80' lang='lat' dir='ltr'>hoc</span> <span class='ocrx_word' id='word_1_214' title='bbox 440 2774 520 2840; x_wconf 72' lang='lat' dir='ltr'>cap).</span> <span class='ocrx_word' id='word_1_215' title='bbox 626 2778 642 2826; x_wconf 77' lang='grc'>1</span> <span class='ocrx_word' id='word_1_216' title='bbox 662 2773 707 2826; x_wconf 87' lang='lat' dir='ltr'>Ad</span> <span class='ocrx_word' id='word_1_217' title='bbox 725 2771 850 2842; x_wconf 76' lang='lat' dir='ltr'>phisicos.</span> <span class='ocrx_word' id='word_1_218' title='bbox 887 2773 922 2830; x_wconf 90' lang='lat' dir='ltr'>H.</span> <span class='ocrx_word' id='word_1_219' title='bbox 943 2787 1007 2841; x_wconf 87' lang='lat' dir='ltr'>cap.</span> <span class='ocrx_word' id='word_1_220' title='bbox 1025 2791 1057 2844; x_wconf 78' lang='lat' dir='ltr'>g,</span> <span class='ocrx_word' id='word_1_221' title='bbox 1073 2770 1112 2830; x_wconf 80' lang='lat' dir='ltr'>Ad</span> 
     </span>
     <span class='ocr_line' id='line_1_29' title="bbox 98 2841 1111 2916; baseline 0.002 -17"><span class='ocrx_word' id='word_1_222' title='bbox 98 2844 215 2914; x_wconf 75' lang='lat' dir='ltr'>phisicos</span> <span class='ocrx_word' id='word_1_223' title='bbox 233 2849 268 2898; x_wconf 88' lang='lat'>40</span> <span class='ocrx_word' id='word_1_224' title='bbox 288 2860 302 2899; x_wconf 89' lang='lat' dir='ltr'>c</span> <span class='ocrx_word' id='word_1_225' title='bbox 320 2844 389 2912; x_wconf 80' lang='lat' dir='ltr'>(sine</span> <span class='ocrx_word' id='word_1_226' title='bbox 406 2843 482 2897; x_wconf 84' lang='lat' dir='ltr'>rubr.</span> <span class='ocrx_word' id='word_1_227' title='bbox 498 2859 533 2911; x_wconf 83' lang='lat' dir='ltr'>p,</span> <span class='ocrx_word' id='word_1_228' title='bbox 551 2843 598 2898; x_wconf 85' lang='lat' dir='ltr'>sed</span> <span class='ocrx_word' id='word_1_229' title='bbox 615 2843 673 2898; x_wconf 82' lang='lat' dir='ltr'>ind.</span> <span class='ocrx_word' id='word_1_230' title='bbox 690 2859 712 2911; x_wconf 82' lang='lat' dir='ltr'>p</span> <span class='ocrx_word' id='word_1_231' title='bbox 731 2841 775 2896; x_wconf 85' lang='lat' dir='ltr'>Ad</span> <span class='ocrx_word' id='word_1_232' title='bbox 793 2843 932 2913; x_wconf 75' lang='lat' dir='ltr'>phisicus).</span> <span class='ocrx_word' id='word_1_233' title='bbox 1029 2850 1045 2901; x_wconf 87' lang='lat'>8</span> <span class='ocrx_word' id='word_1_234' title='bbox 1064 2845 1111 2916; x_wconf 82' lang='lat' dir='ltr'>pli·</span> 
     </span>
     <span class='ocr_line' id='line_1_30' title="bbox 99 2914 1111 2986; baseline 0.003 -18"><span class='ocrx_word' id='word_1_235' title='bbox 99 2915 158 2970; x_wconf 88' lang='lat' dir='ltr'>sica</span> <span class='ocrx_word' id='word_1_236' title='bbox 174 2931 234 2986; x_wconf 78' lang='lat' dir='ltr'>gap.</span> <span class='ocrx_word' id='word_1_237' title='bbox 343 2920 360 2968; x_wconf 82' lang='lat'>9</span> <span class='ocrx_word' id='word_1_238' title='bbox 379 2916 501 2969; x_wconf 84' lang='lat' dir='ltr'>veteres:</span> <span class='ocrx_word' id='word_1_239' title='bbox 526 2915 650 2968; x_wconf 83' lang='lat' dir='ltr'>veterem</span> <span class='ocrx_word' id='word_1_240' title='bbox 672 2930 723 2984; x_wconf 76' lang='lat' dir='ltr'>gap</span> <span class='ocrx_word' id='word_1_241' title='bbox 746 2915 811 2983; x_wconf 80' lang='lat' dir='ltr'>(pro</span> <span class='ocrx_word' id='word_1_242' title='bbox 832 2916 943 2970; x_wconf 82' lang='lat' dir='ltr'>veteres</span> <span class='ocrx_word' id='word_1_243' title='bbox 960 2916 1027 2983; x_wconf 81' lang='lat' dir='ltr'>fort.</span> <span class='ocrx_word' id='word_1_244' title='bbox 1046 2914 1111 2986; x_wconf 78' lang='lat' dir='ltr'>quod</span> 
     </span>
     <span class='ocr_line' id='line_1_31' title="bbox 98 2983 1111 3058; baseline -0.002 -18"><span class='ocrx_word' id='word_1_245' title='bbox 98 2988 198 3040; x_wconf 79' lang='lat' dir='ltr'>iterum</span> <span class='ocrx_word' id='word_1_246' title='bbox 219 2986 361 3056; x_wconf 76' lang='lat' dir='ltr'>sequitur).</span> <span class='ocrx_word' id='word_1_247' title='bbox 472 2989 505 3038; x_wconf 91' lang='lat'>10</span> <span class='ocrx_word' id='word_1_248' title='bbox 528 2983 580 3042; x_wconf 89' lang='lat' dir='ltr'>ins.</span> <span class='ocrx_word' id='word_1_249' title='bbox 603 2983 713 3040; x_wconf 84' lang='lat' dir='ltr'>dicunt:</span> <span class='ocrx_word' id='word_1_250' title='bbox 735 2985 787 3039; x_wconf 89' lang='lat' dir='ltr'>ins.</span> <span class='ocrx_word' id='word_1_251' title='bbox 806 2987 917 3040; x_wconf 84' lang='lat' dir='ltr'>veteres</span> <span class='ocrx_word' id='word_1_252' title='bbox 940 2986 1041 3043; x_wconf 83' lang='lat' dir='ltr'>dicunt</span> <span class='ocrx_word' id='word_1_253' title='bbox 1058 3002 1111 3058; x_wconf 74' lang='lat' dir='ltr'>gap.</span> 
     </span>
     <span class='ocr_line' id='line_1_32' title="bbox 101 3056 1110 3126; baseline 0.001 -17"><span class='ocrx_word' id='word_1_254' title='bbox 101 3063 133 3110; x_wconf 86' lang='lat'>11</span> <span class='ocrx_word' id='word_1_255' title='bbox 153 3059 277 3112; x_wconf 80' lang='lat' dir='ltr'>creatam</span> <span class='ocrx_word' id='word_1_256' title='bbox 294 3073 324 3126; x_wconf 77' lang='lat' dir='ltr'>g:</span> <span class='ocrx_word' id='word_1_257' title='bbox 344 3056 484 3124; x_wconf 79' lang='lat' dir='ltr'>creater,</span> <span class='ocrx_word' id='word_1_258' title='bbox 503 3056 572 3110; x_wconf 79' lang='lat' dir='ltr'>neta</span> <span class='ocrx_word' id='word_1_259' title='bbox 585 3071 615 3124; x_wconf 80' lang='lat' dir='ltr'>p.</span> <span class='ocrx_word' id='word_1_260' title='bbox 703 3061 737 3110; x_wconf 80' lang='lat'>14</span> <span class='ocrx_word' id='word_1_261' title='bbox 757 3057 868 3110; x_wconf 78' lang='lat' dir='ltr'>amatos</span> <span class='ocrx_word' id='word_1_262' title='bbox 886 3072 908 3111; x_wconf 90' lang='lat' dir='ltr'>c.</span> <span class='ocrx_word' id='word_1_263' title='bbox 999 3063 1032 3113; x_wconf 80' lang='lat'>15</span> <span class='ocrx_word' id='word_1_264' title='bbox 1051 3073 1110 3112; x_wconf 85' lang='lat' dir='ltr'>ana·</span> 
     </span>
     <span class='ocr_line' id='line_1_33' title="bbox 99 3126 1109 3209; baseline -0.001 -27"><span class='ocrx_word' id='word_1_265' title='bbox 99 3143 187 3209; x_wconf 76' lang='lat' dir='ltr'>goges</span> <span class='ocrx_word' id='word_1_266' title='bbox 204 3144 255 3197; x_wconf 77' lang='lat' dir='ltr'>gp,</span> <span class='ocrx_word' id='word_1_267' title='bbox 274 3132 345 3197; x_wconf 78' lang='lat' dir='ltr'>-ge</span> <span class='ocrx_word' id='word_1_268' title='bbox 364 3144 388 3183; x_wconf 87' lang='lat' dir='ltr'>c.</span> <span class='ocrx_word' id='word_1_269' title='bbox 468 3126 669 3181; x_wconf 79' lang='lat' dir='ltr'>ranmelidialo</span> <span class='ocrx_word' id='word_1_270' title='bbox 685 3143 732 3197; x_wconf 79' lang='lat' dir='ltr'>gc,</span> <span class='ocrx_word' id='word_1_271' title='bbox 750 3126 955 3183; x_wconf 78' lang='lat' dir='ltr'>reumalinente</span> <span class='ocrx_word' id='word_1_272' title='bbox 969 3144 1001 3197; x_wconf 81' lang='lat' dir='ltr'>p.</span> <span class='ocrx_word' id='word_1_273' title='bbox 1082 3131 1109 3182; x_wconf 79' lang='lat'>16</span> 
     </span>
     <span class='ocr_line' id='line_1_34' title="bbox 98 3203 1109 3341; baseline 0.001 -21"><span class='ocrx_word' id='word_1_274' title='bbox 98 3203 1109 3341; x_wconf 48' lang='lat' dir='ltr'>illfbffdltillllmi·1sa¹lih¹l⁸¹¹ltfi¹lffl¹lldllai</span> 
     </span>
     <span class='ocr_line' id='line_1_35' title="bbox 98 3338 1109 3410; baseline -0.003 -15"><span class='ocrx_word' id='word_1_275' title='bbox 98 3343 160 3409; x_wconf 82' lang='lat' dir='ltr'>(om.</span> <span class='ocrx_word' id='word_1_276' title='bbox 180 3341 254 3408; x_wconf 77' lang='lat' dir='ltr'>cum)</span> <span class='ocrx_word' id='word_1_277' title='bbox 272 3356 317 3410; x_wconf 78' lang='lat' dir='ltr'>gp.</span> <span class='ocrx_word' id='word_1_278' title='bbox 389 3345 424 3394; x_wconf 81' lang='lat'>20</span> <span class='ocrx_word' id='word_1_279' title='bbox 442 3338 683 3408; x_wconf 61' lang='lat' dir='ltr'>intercapedinem</span> <span class='ocrx_word' id='word_1_280' title='bbox 695 3355 726 3409; x_wconf 76' lang='lat'>9,</span> <span class='ocrx_word' id='word_1_281' title='bbox 744 3339 818 3394; x_wconf 79' lang='lat' dir='ltr'>inber</span> <span class='ocrx_word' id='word_1_282' title='bbox 836 3339 970 3409; x_wconf 83' lang='lat' dir='ltr'>capinata</span> <span class='ocrx_word' id='word_1_283' title='bbox 988 3357 1010 3407; x_wconf 83' lang='lat' dir='ltr'>c,</span> <span class='ocrx_word' id='word_1_284' title='bbox 1029 3339 1109 3395; x_wconf 85' lang='lat' dir='ltr'>inter·</span> 
     </span>
     <span class='ocr_line' id='line_1_36' title="bbox 98 3409 771 3481; baseline -0.003 -17"><span class='ocrx_word' id='word_1_285' title='bbox 98 3411 198 3478; x_wconf 80' lang='lat' dir='ltr'>polaba</span> <span class='ocrx_word' id='word_1_286' title='bbox 213 3427 243 3479; x_wconf 85' lang='lat' dir='ltr'>p.</span> <span class='ocrx_word' id='word_1_287' title='bbox 316 3415 350 3464; x_wconf 77' lang='lat'>22</span> <span class='ocrx_word' id='word_1_288' title='bbox 369 3409 500 3479; x_wconf 79' lang='lat' dir='ltr'>putidum</span> <span class='ocrx_word' id='word_1_289' title='bbox 517 3425 562 3479; x_wconf 79' lang='lat' dir='ltr'>gc:</span> <span class='ocrx_word' id='word_1_290' title='bbox 581 3409 726 3481; x_wconf 85' lang='lat' dir='ltr'>putridum</span> <span class='ocrx_word' id='word_1_291' title='bbox 740 3427 771 3479; x_wconf 85' lang='lat' dir='ltr'>p.</span> 
     </span>
    </p>
   </div>
   <div class='ocr_carea' id='block_1_6' title="bbox 0 0 1164 3788">
    <p class='ocr_par' dir='ltr' id='par_1_7' title="bbox 0 0 1164 3788">
     <span class='ocr_line' id='line_1_37' title="bbox 0 0 1164 3788; baseline 0 0"><span class='ocrx_word' id='word_1_292' title='bbox 0 0 1164 3788; x_wconf 95' lang='lat' dir='ltr'> </span> 
     </span>
    </p>
   </div>
   <div class='ocr_carea' id='block_1_7' title="bbox 1156 866 1160 2313">
    <p class='ocr_par' dir='ltr' id='par_1_8' title="bbox 1156 866 1160 2313">
     <span class='ocr_line' id='line_1_38' title="bbox 1156 866 1160 2313; baseline 0 0"><span class='ocrx_word' id='word_1_293' title='bbox 1156 866 1160 2313; x_wconf 95' lang='lat' dir='ltr'> </span> 
     </span>
    </p>
   </div>
  </div>
 </body>
</html>
