2318 3788
489 229 733 296 ..232-

122 368 284 425 vindiciani
295 376 337 425 31.
347 374 390 423 42.
401 373 443 424 62.
467 386 584 425 maduca
655 369 779 438 deponat
791 373 835 424 21,
852 400 885 408 -
901 369 976 424 vires
992 370 1119 426 laborau-

123 441 244 496 coniecti
262 441 296 496 de
315 439 420 495 vitibus
436 446 479 496 42.
509 445 583 496 esta-
654 440 692 495 tis
715 439 859 510 depositas
882 440 992 512 erigere
1010 447 1054 496 42.
1086 443 1119 508 ef.

120 512 231 582 plasma
249 512 285 567 de
299 510 405 582 polline
423 510 522 567 hordei
540 518 583 568 68.
655 517 698 566 40.
722 517 766 565 4⁷.
790 517 825 566 64
848 510 1049 580 (inflammatio
1070 515 1119 568 eri-

121 583 269 653 collyrium
289 583 447 638 de...=
463 579 513 638 διὰ
655 583 734 652 gitur
751 588 784 636 61
804 584 873 652 etc).

120 654 167 723 (de
184 670 252 710 ervo
270 655 329 722 etc.)
352 654 408 709 oid.
432 655 484 710 lex.
502 671 544 725 qr.
561 670 583 710 s.
637 653 809 723 depurgare
833 654 886 721 (vei
903 659 1038 725 pur-gare)
1056 672 1119 710 ven-

119 720 177 781 ὃιά.
210 724 328 780 herbam
346 726 381 779 de
400 725 508 796 stagnis
527 726 584 781 ool·
654 727 728 780 trem
751 731 776 779 6.
814 727 995 794 aegrotantes
1019 733 1063 782 21.
1088 757 1117 766 —

118 795 190 865 liges
206 801 257 878 24.
281 801 323 851 52.
356 796 525 852 vermiculos
547 797 583 852 de
654 797 801 879 humorem
828 798 874 865 (=
898 798 1059 865 excludere)
1088 804 1120 852 32

118 867 584 992 τττττ
653 868 806 1008 τεες
831 869 987 1022 εςτ

118 1009 153 1064 de
172 1025 263 1079 pomrs
281 1026 352 1065 uvae
370 1016 414 1065 46.
451 1011 583 1065 carbones
654 1027 763 1064 rema
777 1009 904 1065 excludit
917 1011 965 1066 vel
978 1011 1119 1067 ruanitdl.

118 1079 153 1135 de
172 1081 283 1150 gufione
298 1080 365 1134 vitis
378 1081 465 1136 iacies
478 1088 521 1137 33.
548 1081 583 1136 de
655 1081 691 1148 cf.
715 1097 820 1150 aquoso
844 1081 963 1136 humore
984 1083 1119 1138 crineinti

119 1150 240 1221 simplici
272 1154 409 1220 quartana
442 1152 584 1236 duplicem
655 1155 709 1222 50).
754 1152 935 1222 putredinem
967 1159 1011 1208 32.
1060 1171 1120 1209 san·

117 1223 331 1278 fecerunttde-
338 1219 582 1293 dealtitudrne(ia
653 1224 768 1292 guinem
783 1229 826 1278 20.
849 1240 944 1278 serum
957 1229 1002 1278 46.
1026 1224 1119 1280 ulcera

118 1289 240 1364 deilicae)
267 1295 394 1350 levatum
421 1295 458 1349 ad
486 1312 581 1365 super·
654 1300 697 1349 21.
708 1300 751 1349 22.
763 1301 807 1350 37.
816 1300 860 1350 40.
875 1297 1026 1365 apostema
1034 1301 1118 1350 44.-

116 1364 209 1420 ficiem
227 1372 270 1420 21.
290 1396 324 1406 -
343 1366 458 1421 cacexia
478 1366 513 1421 de
531 1366 583 1420 iru-
652 1366 1119 1436 purgamentaaurium(=sordcs)

116 1452 194 1491 more
218 1453 357 1492 venenoso
379 1437 456 1493 faeta
479 1442 523 1493 16.
547 1468 581 1478 -
653 1442 697 1492 28.
717 1467 751 1478 -
769 1438 966 1507 purgatorium
984 1454 1073 1510 saepe.

153 1509 316 1563 cavernulas
335 1509 370 1564 de
388 1509 504 1578 porcina
522 1511 583 1564 seta
635 1506 856 1576 desussuinnre
878 1514 922 1564 46.

635 1579 870 1720 ‘eccere
887 1582 1118 1721 τττς

153 1694 159 1706 ·
746 1693 753 1719 r

114 1721 184 1776 riter
209 1721 274 1790 rapi
301 1725 344 1775 42.
382 1720 416 1775 de
448 1721 581 1776 embroca
647 1727 741 1790 945,
768 1723 860 1790 046).
902 1723 939 1789 cf.
968 1723 1117 1792 squamille

115 1791 198 1847 lanea
208 1792 356 1860 aegrotum
366 1808 526 1863 perungnes
537 1799 579 1848 61.
652 1792 823 1861 (squamma,
843 1794 989 1862 scamula).

114 1862 276 1932 frequenter
294 1863 330 1917 de
348 1865 422 1932 (cnm
435 1866 469 1933 p)
488 1881 581 1933 penna
633 1863 767 1919 desertio
786 1864 955 1934 capillorum
975 1869 1001 1919 5,

115 1934 147 1987 ta
186 1951 216 1989 es
235 1939 278 1987 61.
634 1933 837 1990 desiccatoria
845 1937 1067 2004 (medicemcrrio)
1076 1941 1116 1990 31.

45 2070 47 2075 Α
99 2002 154 2059 dec
219 2004 314 2061 tlonis
331 2007 461 2075 tempore
477 2021 564 2073 caepe.
652 2011 749 2060 4326.
765 2035 798 2046 -
811 2007 1116 2063 sacculodesiccetorio

97 2075 266 2143 decoquere
293 2075 440 2144 usquead
465 2076 580 2131 tertiam
652 2082 695 2131 76.

114 2148 290 2215 pertemi--z
308 2142 501 2216 demerseris).
634 2145 798 2203 desudaret
819 2147 844 2202 si
860 2148 944 2204 tarde
963 2149 1116 2204 desudave-

97 2216 270 2274 decorlatae
282 2217 450 2288 amygdalae
459 2224 485 2272 9.
502 2235 579 2289 amy-
650 2219 708 2273 rint
726 2224 768 2274 61.

114 2287 193 2358 gdeli
216 2289 353 2345 decoriati
375 2289 529 2357 (discoriati
544 2291 579 2359 p)
632 2288 848 2345 determinatio
866 2290 988 2345 febrium
1008 2293 1041 2361 (e.
1063 2290 1116 2346 dis·

115 2365 160 2414 66.
179 2389 213 2400 -
233 2359 369 2429 dis(des-
386 2376 432 2430 oc,
451 2361 521 2415 de-
533 2363 579 2430 p)-
652 2361 754 2430 cussie)
772 2366 815 2416 60.

115 2429 295 2485 coriatorium
312 2432 380 2486 med.
401 2437 442 2485 13.
633 2430 796 2500 diochylon
818 2431 986 2501 (diequilon)
1010 2438 1037 2488 et
1057 2433 1114 2488 eim.

98 2500 247 2558 deducere
275 2498 432 2571 (iniceret
459 2503 579 2572 clystere
652 2518 709 2558 uec
731 2504 810 2558 cerdo
832 2504 951 2572 serim
980 2503 1114 2559 cerotario

114 2572 294 2628 deducendus
310 2574 364 2628 erit
374 2575 493 2644 (venter)
506 2578 578 2630 lete.
651 2589 686 2628 ex
704 2574 849 2629 diaehilon
867 2573 997 2630 coniecto
1018 2581 1051 2630 53
1070 2579 1114 2629 etc.

97 2643 232 2699 defluxio
241 2644 409 2714 capillorum
418 2651 443 2699 4.
458 2643 579 2699 defluxio
633 2643 752 2700 dibeios
780 2661 938 2715 purpureos
966 2645 1114 2716 diligenter

114 2715 238 2785 corporis
259 2717 300 2784 (et
324 2715 428 2770 virium
452 2732 579 2770 consum·
651 2717 781 2770 consutos
799 2721 842 2772 42.

113 2786 184 2856 ptio)
204 2791 247 2842 40.
634 2786 797 2843 diastemate
813 2789 879 2870 post
892 2786 1035 2843 diastema
1048 2790 1115 2842 tenr-

95 2855 315 2913 deirioationes
334 2858 518 2914 ceromaticee
533 2861 579 2913 55.
650 2858 727 2928 poris
746 2857 929 2913 modicissimi
949 2863 992 2914 22.

96 2928 239 2984 delerare
260 2935 301 2984 19.
633 2928 699 2984 dies
722 2930 805 2999 (sine.
828 2945 931 2998 semper
956 2930 1034 2996 seran
1063 2928 1114 2984 alia

95 2999 169 3056 dene
195 3000 258 3067 fem.
280 3001 323 3070 (ut
346 3000 425 3056 Golia·
446 3000 476 3054 la
501 2999 578 3067 dent)
644 3000 710 3068 sdic,
729 3000 833 3070 prima,
852 3000 976 3055 secunda
995 3000 1056 3070 die,
1074 2999 1114 3054 die

113 3072 156 3127 bis
173 3088 207 3140 p,
226 3071 314 3126 semel
332 3089 347 3126 c
364 3078 408 3126 32.
651 3071 750 3126 critica
774 3077 799 3127 8.
821 3077 865 3127 20.
884 3076 928 3126 48.
948 3075 993 3127 63.
1014 3078 1057 3127 114.
1076 3075 1114 3126 dt.

95 3141 306 3198 dentifricium
350 3136 579 3212 (decorticemus)
651 3147 694 3201 56.
721 3148 754 3197 61
780 3148 841 3210 etc..
869 3143 917 3198 sed
944 3146 1012 3213 post
1034 3159 1116 3198 unum

113 3220 156 3268 32.
651 3213 700 3268 vel
725 3214 795 3270 duos
821 3213 880 3270 dies
909 3219 953 3268 29.
983 3221 1018 3270 71
1050 3216 1116 3270 siret

95 3284 246 3354 depositio
264 3284 370 3340 ventris
391 3286 423 3354 (ε’.
441 3302 464 3340 e.
481 3288 579 3339 sterco-
645 3285 747 3354 plari:
772 3286 845 3341 sines
866 3285 912 3340 die
932 3287 963 3340 et
981 3288 1065 3342 nocte
1082 3286 1115 3354 (9,

112 3372 175 3410 nen
188 3356 319 3425 exclusio)
329 3363 373 3410 51.
384 3363 426 3411 61.
452 3358 579 3411 ventrem
650 3356 726 3410 diem
749 3359 779 3412 et
796 3357 909 3412 noctem
928 3359 974 3426 cp)
994 3363 1039 3412 20.
1066 3358 1115 3411 hoc

112 3426 253 3495 deponere
267 3451 302 3472 ε-
317 3427 455 3483 deducere
467 3432 510 3484 72.
534 3443 578 3483 oa·
650 3425 737 3483 facies
763 3427 869 3483 diebus
882 3427 976 3483 tribus
995 3430 1053 3498 (20)
1071 3432 1113 3482 sic.

95 3495 254 3551 thermum
289 3499 369 3567 quod
397 3499 506 3558 flevum
540 3498 581 3557 iel
654 3497 764 3556 diurnis
782 3498 897 3565 cretus„
917 3498 966 3554 die
981 3499 1073 3568 (diem
1087 3500 1113 3568 oi
