2318 3788
507 171 724 237 ..66-

106 320 206 381 oleum
234 323 395 400 myrtinum
423 317 506 380 dabis
534 316 723 379 colluendum
751 326 782 378 et
816 326 975 398 postquam
1005 313 1113 379 dederis

107 409 224 471 alumen
249 412 376 470 scissum
400 427 467 469 cum
490 408 628 468 limatura
652 406 743 467 corali
766 408 872 469 tritum
895 425 1032 487 appones.

196 497 274 559 aliud
298 497 335 558 ad
359 496 464 558 dentes
489 499 635 576 agitantes
657 495 847 576 stringendos
869 504 901 557 et
922 498 1045 576 gingivis
1064 497 1116 556 im·

105 587 239 667 plendos.
280 586 371 666 gallae
401 595 431 647 et
458 584 600 646 acanthae
623 586 775 664 aegyptiae
798 598 834 645 ÷
857 585 1002 664 singulas,
1032 579 1120 646 corali

79 675 128 744 ⁶3
150 675 178 736 ll
205 677 235 736 in
264 693 324 736 arno
348 675 506 754 diligenter
528 673 637 735 tundes
661 681 691 734 et
714 674 890 735 tenuissime
915 675 993 736 tritis
1019 674 1118 734 uteris

195 763 274 826 aliud
297 764 334 825 ad
357 763 462 825 dentes
485 783 522 824 ex
544 780 691 843 percussu
714 764 869 842 agitantes.
906 761 952 823 lac
974 764 1119 824 asininum

106 861 158 914 aut
185 856 339 932 caprinum
367 856 397 914 in
426 852 586 914 collutione
616 854 678 912 oris
711 851 812 912 datum
840 851 947 913 dentes
979 853 1121 932 agitantes

106 944 210 1002 statuit
236 942 282 1002 vel
310 942 429 1023 solidat,
457 950 487 1002 et
514 940 662 1002 ulceratas
690 941 822 1020 gingivas
849 948 881 1002 et
908 943 971 1002 oris
993 942 1060 1002 vitia
1079 953 1118 1000 ex

106 1029 244 1090 acredine
268 1031 402 1090 humoris
425 1038 493 1091 nata
517 1028 662 1090 medetur.

65 1133 91 1172 ιο
195 1119 410 1200 dentifricium,
433 1119 512 1198 quod
534 1117 640 1178 Graeci
659 1117 890 1179 odontotrimma
908 1127 1022 1180 vocant.
1056 1119 1115 1198 gin-

105 1209 186 1287 givas
209 1209 342 1287 turgidas
369 1211 431 1269 sive
455 1206 695 1287 sanguinolentas
719 1209 784 1268 sine
810 1207 870 1268 ulla
893 1209 1046 1269 vexatione
1066 1205 1112 1267 de-

105 1298 210 1379 siccat,
247 1299 349 1376 nigros
386 1297 491 1358 dentes
527 1295 697 1357 incandidet
733 1304 763 1356 et
799 1298 845 1357 ori
883 1295 976 1357 fetido
1011 1295 1113 1357 bonum

105 1385 227 1446 odorem
267 1387 353 1467 lacit,
389 1386 495 1447 dentes
531 1383 656 1444 mobiles
693 1384 739 1444 vel
775 1387 921 1464 agitantes
958 1385 1111 1446 confirmat.

105 1476 212 1553 recipit
239 1492 335 1534 cornu
362 1477 474 1534 cervini
502 1472 651 1534 combusti
682 1479 711 1532 et
739 1472 904 1553 specularis
931 1476 991 1535 assi
1018 1474 1110 1535 uncias

65 1578 91 1616 aa
104 1561 203 1643 binas,
227 1562 296 1623 salis
319 1565 494 1623 ammoniaci
515 1561 537 1628 3
559 1561 585 1643 i,
615 1564 753 1623 mastices
775 1564 797 1630 3
820 1562 846 1642 l,
872 1562 1013 1624 aluminis
1035 1559 1108 1641 lipari

105 1652 177 1712 sicci
205 1659 235 1711 et
262 1650 324 1711 lolii
352 1649 388 1711 dr
411 1659 579 1730 quaternas.
619 1650 728 1711 tundes
757 1658 788 1712 et
815 1669 936 1732 cernes,
965 1650 1107 1713 etaloris

89 1762 92 1779 =
194 1742 313 1799 sivero
337 1757 497 1800 cancerosa
519 1739 663 1800 ulceratio
687 1739 779 1800 luerit
803 1742 1003 1819 gingivarum,
1032 1752 1107 1819 quant

105 1826 210 1888 Graeci
228 1829 407 1889 carcinoden
426 1836 545 1908 vocant,
568 1829 702 1889 dentium
721 1829 845 1908 nigredo
863 1828 911 1889 vel
928 1829 1004 1890 livor
1021 1836 1105 1889 osten·

88 1917 185 1977 ¹ditur
200 1935 267 1977 cum
284 1917 467 1979 ulceratione
486 1917 605 1996 putrida
623 1919 809 1996 gingivarum
824 1935 860 1978 ex
879 1918 1106 1997 supradictorum

63 2022 90 2062 ao
105 2005 237 2066 dentium
261 2009 419 2085 agitatione
443 2015 474 2066 et
497 2007 558 2066 oris
580 2013 702 2085 putore,
725 2006 863 2067 adiuncta
887 2009 1023 2086 corporis
1044 2000 1104 2066 mala

103 2093 276 2155 habitudine
301 2113 389 2173 quam
413 2094 519 2156 Graeci
542 2093 701 2154 cachexian
725 2103 840 2157 vocant.
876 2093 914 2155 ob
938 2095 1105 2175 diligentiam

177 2341 190 2388 1
211 2334 303 2389 oleum
323 2366 355 2376 -
376 2334 575 2392 dederisne:
600 2335 662 2390 oleo
686 2335 800 2391 mittino
823 2337 929 2392 colluea
951 2340 983 2393 at
1008 2328 1121 2392 coitum

92 2405 234 2461 'dentibus
248 2423 273 2462 a.
283 2423 314 2476 p.
388 2411 404 2460 2
423 2408 497 2474 (itera
511 2411 537 2475 4)
557 2405 644 2462 coruli
662 2423 685 2477 c,
705 2407 804 2463 coralli
813 2425 843 2478 p.
917 2415 933 2463 3
953 2408 1073 2479 agitatas
1085 2415 1104 2457 t:

103 2497 226 2566 agitatas
245 2496 305 2565 (sic)
325 2501 389 2551 arcte
407 2511 476 2552 corr.
491 2511 514 2565 p
533 2484 656 2569 (—tat⁰as
670 2496 724 2567 ρο).
798 2493 993 2567 stringendum
1012 2498 1041 2552 eb
1056 2493 1106 2566 gin·

102 2585 182 2656 givas
200 2584 347 2654 iplendum
373 2601 399 2652 c,
423 2586 452 2638 ed
475 2583 611 2654 stringere
635 2587 664 2640 eb
686 2568 809 2656 gingivis
835 2585 944 2655 replere
963 2604 993 2656 p.
1095 2579 1109 2630 4

102 2657 186 2726 agate
205 2672 246 2725 cp.
351 2661 465 2710 tinio
484 2654 570 2725 (vino)
589 2673 610 2712 c.
716 2663 916 2726 dpereussura
929 2673 960 2726 p.
1055 2653 1110 2711 ‘lin

102 2743 152 2782 orn.
172 2743 213 2797 cp.
304 2725 430 2781 collucoe
448 2726 524 2781 horis
543 2744 570 2783 c:
595 2726 754 2783 collationis
777 2727 834 2782 oris
855 2743 884 2796 p.
976 2733 993 2783 8
1015 2720 1113 2783 sacua

101 2799 147 2854 vel
166 2814 193 2869 c,
213 2797 315 2853 statuit
333 2799 362 2852 cb
376 2815 406 2866 p.
490 2803 523 2852 10
542 2799 618 2868 quod
636 2798 713 2868 greci
730 2814 782 2854 om.
800 2815 822 2853 c.
909 2798 1077 2855 odddotrma
1092 2807 1113 2858 a

101 2870 172 2960 adab
178 2906 260 2960 m1t1e
274 2921 304 2973 p.
387 2905 416 2958 et
433 2903 509 2974 ging.
525 2921 567 2986 p..
638 2911 670 2958 11
691 2903 874 2988 sapguinosas
888 2922 919 2974 p.
1006 2875 1114 2961 abbatae

101 2977 256 3045 (vacatione
275 2978 355 3043 corr.)
369 2991 400 3044 p.
489 2980 520 3028 12
540 2992 635 3046 mgras
654 2992 681 3043 c,
699 2994 737 3032 m.
757 2977 818 3045 (acc)
832 2992 863 3044 p.
954 2969 1117 3049 incandidoi

81 3064 127 3103 ·e:
147 3048 280 3104 candidat
294 3065 324 3116 p.
399 3051 431 3100 13
451 3048 480 3102 eb
498 3047 594 3102 dentes
613 3063 654 3117 cp.
743 3053 777 3100 14
795 3049 821 3151 {a
839 3062 881 3116 cp.
964 3047 1116 3118 specularia

100 3154 157 3209 assi
176 3156 220 3223 (cf.
240 3171 261 3209 c.
282 3156 342 3222 39):
363 3153 512 3224 spedonasi
530 3170 558 3220 c,
577 3147 739 3224 apelia-lar,
758 3153 846 3225 sp‘ela
859 3159 896 3222 12⁰
913 3171 969 3223 pro
993 3154 1115 3226 splenet)

101 3238 194 3279 assum
207 3243 238 3294 p.
312 3231 345 3279 15
365 3225 482 3280 mastice
501 3242 530 3294 c,
550 3232 601 3281 -ᾱ
617 3243 648 3295 p.
740 3225 854 3280 alumen
872 3224 995 3295 liparam
1014 3225 1116 3282 siccum

82 3295 280 3375 Ι111011111ηό
299 3297 312 3350 l
331 3298 412 3366 (corr.
432 3296 541 3367 irinc.
616 3303 648 3353 16
668 3297 746 3352 ubere
765 3313 787 3353 c.
867 3303 898 3350 1⁷
920 3295 951 3351 Si
970 3311 1117 3355 cancerosa

99 3383 165 3421 vero
183 3385 210 3422 u.
229 3383 250 3423 c.
337 3367 413 3436 quod
432 3369 478 3437 (m)
498 3383 518 3422 c.
604 3374 636 3425 18
657 3367 804 3423 carcinode
823 3385 846 3437 c,
866 3367 957 3423 -don
971 3385 1003 3439 p.
1083 3372 1116 3423 10

96 3439 205 3507 pudore
223 3453 246 3508 o,
265 3444 330 3492 -ra
343 3455 376 3507 p.
448 3439 559 3494 adiecta
568 3456 598 3510 p.
672 3445 705 3494 21
721 3439 862 3496 cacexiam
876 3456 919 3509 cp.
