2318 3788
483 158 728 223 -128—

95 325 244 389 cerussae,
267 307 390 385 acaciae,
409 304 627 384 bypoquistidis
648 305 723 386 suci,
745 304 809 382 piui
829 302 959 382 corticis,
980 312 1084 371 murrae,

95 398 172 458 turis
200 395 336 474 masculi,
364 395 497 454 omnium
524 392 589 453 Vlll
617 395 699 473 paria
728 391 871 472 pondera.
916 393 1023 452 siccum
1048 402 1085 463 ap·
1139 421 1141 429 ,

96 504 189 566 pones
212 485 306 546 levius
329 483 497 544 conlectum
521 481 655 563 praeloto
683 483 749 562 ipso
773 481 920 561 longaone
941 480 1006 539 vino
1026 473 1085 536 bonu
1139 496 1141 554 3

96 574 272 636 subaustero
297 581 348 633 aut
370 571 487 633 lentisci
509 571 555 631 vel
579 579 691 652 myrtae
715 569 900 632 decoctione.

70 766 83 805 s
387 748 525 809 XLVllll.
566 748 614 809 Ad
638 750 822 810 ictericos.

184 873 302 935 leterici
339 872 480 935 dicuntur
516 872 621 935 morbo
654 874 736 954 regio
772 871 951 933 laborantes.
1000 876 1028 930 et
1057 869 1089 925 cst

98 963 240 1024 tortitudo
264 962 340 1024 lellis
364 981 432 1023 curn
456 965 548 1024 totius
572 964 707 1043 corporis
729 962 942 1041 insumptioue.
977 957 1090 1038 sequitur

97 1060 196 1112 autem
224 1060 362 1131 aegrotos
392 1070 428 1111 ex
458 1051 619 1112 infectione
651 1050 727 1112 lellis
754 1049 849 1130 pallor
880 1049 1015 1130 corporis
1040 1058 1091 1106 curu

98 1142 215 1202 aurium
234 1149 265 1201 et
283 1139 438 1200 oculorum
457 1142 557 1201 crocei
575 1139 621 1200 vel
640 1140 723 1200 aurei
737 1138 846 1199 coloris
866 1139 998 1198 fantasia.
1031 1129 1091 1196 unde

58 1246 83 1285 ro
98 1229 134 1290 ab
167 1229 325 1310 aliquantis
357 1228 447 1290 latine
480 1246 593 1308 aurugo
626 1227 799 1308 appellatur.
846 1228 982 1308 sequitur
1013 1231 1093 1285 autem

98 1321 210 1380 ventris
244 1319 355 1399 egestio
386 1317 519 1397 humida,
551 1319 638 1378 urina
670 1319 758 1377 etiam
790 1315 882 1377 lellita
914 1323 945 1377 et
979 1311 1095 1394 corporis

97 1409 241 1488 pruritus.
284 1416 314 1468 et
342 1414 413 1468 sunt
439 1408 631 1467 ictericorum
659 1404 815 1466 distantiae
844 1403 935 1487 duae,
963 1422 1018 1465 una
1042 1415 1097 1462 cum

99 1495 256 1571 febricula,
290 1503 320 1557 et
353 1495 516 1575 appellatur
548 1512 564 1553 a
596 1494 717 1555 Graecis
749 1495 845 1555 oxites
878 1493 908 1554 id
942 1500 988 1554 est
1019 1497 1098 1567 acuta,

100 1584 192 1644 altera
216 1585 280 1643 sine
304 1582 553 1644 lebrediuturna
577 1601 652 1662 quae
676 1582 841 1664 appellatur
864 1581 1025 1643 chronites.
1058 1575 1099 1639 sed

59 1688 86 1729 15
99 1671 148 1732 illa
168 1690 243 1752 quoe
263 1689 330 1733 cunt
350 1670 493 1732 febricula
512 1672 602 1733 luerit
621 1673 697 1732 lacta
716 1672 811 1732 oxites
828 1689 865 1730 ex
885 1678 1002 1732 tumore
1021 1668 1101 1749 epatis

100 1761 165 1822 lieri
189 1759 369 1839 ostenditur,
393 1760 484 1821 altera
508 1779 578 1821 vero
602 1778 678 1840 quae
701 1762 765 1821 sine
790 1759 873 1820 lebre
898 1769 944 1820 est
964 1759 1101 1820 chrouites

100 1869 136 1910 ex
160 1849 235 1910 lellis
259 1848 462 1910 dissolutione.
1139 1842 1141 1863 ²

189 1937 227 1999 ob
251 1938 432 2018 diligentiam
455 1956 526 1998 vero
550 1939 712 1999 curationis
736 1956 801 1998 eam
825 1955 913 2016 quam
938 1955 974 1997 ex
998 1945 1102 1998 tumore
1138 1918 1141 1977 Ϊ

100 2029 194 2107 epatis
218 2028 283 2087 lteri
306 2026 488 2087 intellexeris
510 2026 679 2088 flebotomia
702 2028 733 2087 in
752 2044 841 2087 manu
865 2023 970 2087 dextra
993 2026 1023 2086 in
1041 2038 1104 2084 rena
1139 2030 1141 2035 '

175 2257 188 2304 1
208 2250 373 2320 ipoquistidi
392 2268 407 2307 c
425 2249 630 2322 (ypoquistidos
644 2252 686 2320 p).
777 2249 880 2306 mitrae
897 2252 1022 2319 (propter
1038 2244 1104 2311 VIII)

101 2322 201 2376 addidi
218 2339 251 2377 ece
269 2322 332 2378 Gal,
348 2319 501 2393 (σμύρνης).
573 2320 708 2377 isiccum
728 2337 850 2392 appones
868 2321 940 2376 lenis
959 2321 1104 2376 confectum

101 2393 162 2461 (stc)
182 2409 196 2448 e
214 2394 319 2462 (ξηροῖς
336 2391 499 2448 carduceas
516 2393 598 2459 cat).
688 2399 704 2446 3
724 2392 814 2448 levius
834 2392 918 2464 (le1b3
933 2395 980 2461 p):
1004 2391 1105 2447 lenite

101 2469 118 2518 5
137 2464 181 2519 Ad
199 2464 356 2534 hyctericos
375 2482 403 2521 c:
427 2463 522 2519 Iterici
540 2463 671 2520 dIcuntur
688 2464 786 2519 morbo
804 2463 882 2534 regio
901 2468 964 2533 (pro
982 2463 1068 2530 rubr.)
1078 2474 1104 2528 p·

103 2535 273 2591 6Hicten’ei
290 2552 331 2606 cp.
422 2537 451 2591 et
470 2536 513 2591 est
525 2551 561 2605 p:
583 2535 602 2590 i.
622 2535 661 2604 (id
681 2537 733 2605 est)
753 2553 775 2591 c.
866 2536 998 2591 8cutem
1020 2544 1104 2601 01111

104 2612 136 2661 10
156 2607 253 2676 aurigo
272 2624 295 2662 c.
386 2608 494 2662 autem:
521 2607 607 2675 alric
625 2622 680 2677 pro
699 2609 746 2676 air)
760 2624 796 2677 p,
817 2608 847 2661 et
864 2622 886 2662 c.
979 2612 1012 2660 12
1031 2604 1104 2659 ducor

102 2679 157 2732 eid.
177 2678 239 2733 Gal.
258 2678 337 2745 XIII,
356 2683 408 2732 229
428 2677 516 2749 (XIV,
536 2681 606 2746 735).
708 2685 740 2733 13
759 2695 777 2733 a
794 2676 885 2749 grecis
904 2708 938 2718 —
958 2675 1104 2747 appelletur

102 2766 152 2804 ont.
168 2766 189 2804 c.
262 2749 363 2803 oxites:
378 2750 418 2804 cic
427 2766 457 2818 p.
531 2755 565 2803 14
579 2747 719 2805 croniotes
728 2766 759 2819 p,
775 2747 955 2820 chronitettes
970 2765 993 2803 c.
1059 2740 1104 2799 Sed

102 2843 127 2893 et
145 2855 199 2906 que
217 2854 267 2894 otte.
287 2854 309 2892 c.
384 2844 417 2892 15
436 2838 525 2893 exim
544 2855 570 2908 e,
590 2839 706 2908 oxithp
725 2841 821 2908 (-ten
838 2853 926 2907 supra
939 2840 995 2907 P⁰)·
1076 2836 1102 2886 16

103 2909 243 2965 chronites
262 2926 290 2978 c,
313 2909 434 2965 oronites
448 2926 479 2978 p.
590 2916 621 2964 17
637 2916 701 2980 poet
719 2909 903 2966 dissolutione
921 2909 987 2964 baec
1005 2905 1103 2963 auctr

102 2982 171 3036 neele
193 2982 373 3050 interpotuta:
397 2979 545 3036 Hicterieis
567 2981 597 3035 in
621 2981 718 3052 pu'mis
746 2980 941 3052 purgatorium
965 2978 1026 3035 dari
1051 2990 1103 3033 eor

102 3052 181 3107 venit
195 3051 295 3108 deinde
309 3051 512 3108 flebothomare
526 3055 592 3122 post
602 3069 635 3108 ec
649 3053 726 3108 color
738 3052 790 3109 illc
805 3053 888 3109 aliter
904 3067 961 3106 non
975 3049 1039 3106 colli
1060 3047 1103 3101 'tut

103 3124 133 3177 in
152 3141 218 3179 suco
237 3124 271 3178 de
290 3123 416 3180 radicula
438 3122 600 3193 frequenter
622 3123 653 3177 in
670 3124 772 3180 balneo
790 3141 840 3194 per
858 3123 1007 3192 unguatur.
1055 3120 1103 3173 tem

103 3195 140 3248 ad
163 3195 325 3265 desperatos
348 3193 498 3250 hicterieos
521 3195 620 3250 raucni
643 3211 724 3250 sucus
743 3194 818 3250 sicco
835 3193 950 3249 bibatur
968 3210 1029 3248 eum
1047 3201 1102 3258 qut

104 3269 194 3334 cuque
222 3268 291 3336 potu
318 3282 385 3336 pam
417 3282 499 3320 mane
529 3265 647 3322 ieiunus.
692 3265 735 3322 Ob
765 3265 944 3337 diligentium
973 3279 1038 3320 vero
1064 3263 1102 3315 tlt·

104 3360 138 3478 1111
158 3356 191 3409 de
208 3355 294 3423 flebot.
313 3354 348 3420 cf.
368 3353 430 3410 Gal.
452 3355 517 3422 XI,
536 3360 584 3411 92.
657 3353 686 3409 in
704 3371 776 3409 vena
795 3370 864 3408 cava
882 3343 978 3409 mddia
994 3369 1019 3407 e.
1037 3360 1102 3405 curt·

124 3444 196 3480 rmus
210 3443 241 3495 p.
