2318 3788
331 197 575 262 -143-

29 351 131 421 tomes,
159 342 200 401 ita
226 348 260 401 ut
288 359 356 402 eum
384 341 521 402 diviseris
549 361 653 403 venam
685 344 859 421 sanguinem
892 361 959 403 cur·

29 449 60 490 m
91 431 242 509 inspicias.
289 430 368 509 quod
400 432 426 491 si
458 432 629 510 apparuerit
661 433 745 510 niger
773 439 804 491 et
831 449 959 506 crassus,

29 526 148 580 letanter
176 517 315 579 detrahes
344 527 487 598 quantum
515 522 596 584 vires⁴
621 521 715 598 ipsius
744 519 906 580 laborantis
930 528 961 580 et

29 629 34 668 ι
60 617 90 668 et
118 616 199 668 aetas
227 614 258 667 et
285 609 428 688 temporis
452 616 483 668 et
509 610 640 688 regionis
669 608 794 687 qualitas
818 609 958 687 exegerit.

30 699 122 757 anime
146 698 178 756 in
201 695 373 774 splenetieis
396 696 463 757 talis
483 699 603 776 sanguis
626 698 802 759 ostenditur.
839 699 865 757 si
888 711 986 757 veros

29 787 153 846 ontrario
177 784 269 845 ssavus
293 794 324 846 et
346 788 446 846 tenuis
469 788 641 865 apparuerit
660 789 793 865 sanguis,
816 789 959 846 continuo

29 873 105 934 nebis
131 882 162 934 et
185 873 259 934 nibil
286 877 407 935 omnino
435 873 587 956 detrahes,
618 875 670 936 sed
694 882 809 936 tantum
833 875 960 935 diaetam

34 962 197 1043 ordinabis,
220 962 250 1022 id
274 971 320 1024 est
342 965 419 1023 vitae
443 963 588 1045 regulam,
616 982 692 1043 quae
716 982 776 1024 non
799 963 883 1024 inflet
906 962 959 1024 sed

29 1071 38 1111 s
63 1060 199 1112 ventrem
227 1051 339 1112 molliat
366 1051 440 1112 eibis
469 1055 594 1112 maxime
622 1054 783 1113 consuetis.
825 1051 905 1130 qtrod
933 1052 960 1112 si

29 1159 63 1201 ne
87 1141 194 1200 lecerit
216 1148 365 1221 ventrem,
389 1148 508 1220 oportet
529 1143 608 1202 inter
630 1142 714 1202 initia
732 1140 814 1201 molli
832 1140 959 1220 clystere
974 1155 1000 1197 ιο

29 1248 105 1310 cere,
129 1231 288 1290 novissime
312 1247 382 1289 vero
406 1231 522 1290 acriori.
567 1237 599 1290 et
621 1247 637 1290 a
659 1232 793 1309 porcinis
817 1228 958 1290 carnibus

29 1318 152 1379 nendum
180 1327 211 1379 et
238 1317 274 1378 ab
302 1317 441 1378 omnibus
468 1336 544 1396 quae
572 1318 709 1379 similiter
736 1319 959 1378 tenacissimum

29 1425 146 1467 rassnm
174 1406 332 1467 humorem
355 1409 493 1467 nutriunt
516 1415 546 1467 et
569 1407 743 1485 digestionis
766 1405 867 1468 tardae
892 1423 958 1467 esse

29 1504 114 1556 intur.
156 1497 224 1555 vino
248 1513 319 1555 vero
342 1494 487 1556 utendum
511 1497 594 1556 tenui
618 1503 648 1556 et
671 1495 737 1556 albo
762 1503 792 1556 et
815 1495 958 1556 mediocri

29 1591 52 1644 le
75 1584 184 1663 calido,
213 1591 243 1643 et
266 1583 405 1644 omnibus
423 1583 590 1646 volatilibus
612 1593 733 1664 praeter
755 1584 803 1644 illa
828 1602 902 1664 quae
926 1585 957 1644 in
972 1596 998 1638 15

38 1681 201 1733 nascuntur
220 1681 251 1732 et
269 1671 401 1751 piscibus
420 1672 637 1751 digestibilibus
654 1673 820 1734 molliorem
839 1690 959 1733 carnem

29 1761 120 1822 atibus
153 1769 183 1821 et
215 1760 288 1820 nihil
319 1763 351 1821 in
384 1779 416 1820 se
453 1764 546 1822 crassi
584 1762 719 1822 humoris
752 1761 958 1823 retinentibus.

29 1871 33 1909 ι
59 1859 89 1910 et
112 1849 298 1910 salsamentis
322 1857 353 1909 et
376 1851 471 1929 sinapi
494 1852 538 1910 uti
561 1858 693 1930 oportet,
721 1857 751 1909 et
777 1849 883 1910 diebus
908 1849 958 1908 ali·

29 1940 61 1998 tis
89 1949 120 1999 et
147 1938 195 1998 dia
221 1940 301 1998 trion
328 1956 480 2018 pepercon
508 1938 672 1998 antidotum
700 1940 732 1997 in
756 1937 958 2016 magnitudine

53 2029 174 2087 maioris
202 2028 352 2105 aegyptiae
382 2045 450 2086 cum
480 2026 572 2086 calida
600 2034 668 2087 aute
696 2044 786 2086 unam
809 2026 855 2086 vel
884 2025 957 2086 duas
972 2041 998 2082 eo

29 2134 33 2172 ι
60 2116 239 2176 accessionis
267 2115 346 2175 darc.
392 2122 443 2175 aut
466 2122 547 2175 certe
571 2114 738 2176 antidotum
761 2114 840 2193 quod
864 2114 957 2174 Fila·

31 2206 260 2284 ssynpeptieon
288 2202 481 2283 lexopyreton
504 2203 672 2283 appellavit,
701 2202 838 2264 similiter
866 2203 958 2284 dabis,

29 2292 187 2373 liaspoliten
200 2292 459 2353 medicamentum.
487 2301 538 2353 aut
555 2295 641 2373 piper
661 2290 757 2353 solum
777 2311 845 2354 cum
865 2292 959 2353 calida

29 2443 244 2501 ,flebotomabis
262 2461 303 2514 ep.
395 2445 563 2515 2inspieies
581 2462 607 2502 c:
634 2445 755 2514 aspicies
770 2461 801 2515 p.
892 2447 958 2500 dei

45 2535 81 2588 vl’
101 2542 149 2590 cas
168 2551 189 2588 c.
280 2540 298 2588 4
316 2535 346 2588 ei
364 2533 498 2604 temporie
512 2551 548 2603 p,
572 2552 587 2590 e
608 2551 624 2599 z
642 2521 708 2605 pme
726 2550 748 2588 c.
832 2532 959 2603 'exigerit

29 2606 161 2660 sienderii
170 2622 200 2674 p.
274 2605 403 2660 betam.
418 2621 459 2674 cp.
532 2605 726 2661 hostendiiur
740 2635 773 2644 -
788 2605 826 2674 (6)
844 2604 958 2674 sanguis

29 2717 33 2731 .
105 2683 121 2731 7
140 2674 274 2731 retinebis
287 2693 319 2744 p.
393 2675 425 2746 ὃς
443 2677 486 2729 iffi
504 2675 595 2731 dietas
614 2677 673 2732 eius
692 2692 718 2731 o.
737 2691 764 2741 c,
784 2675 833 2729 sed
852 2676 958 2730 dietam

79 2754 95 2802 9
114 2746 205 2816 magis
224 2763 251 2802 c:
270 2747 383 2802 ionium
400 2764 428 2816 p.
493 2747 574 2801 cibis:
594 2747 673 2802 ciuus
691 2745 770 2816 (em9)
788 2763 811 2815 e,
830 2748 956 2816 c1o(a)p.

31 2818 150 2874 eludinis
172 2835 194 2874 e.
285 2818 360 2886 quod
383 2819 407 2873 si
429 2837 454 2872 v.
478 2835 535 2873 non
556 2817 657 2874 feeerii
676 2834 707 2887 p.
769 2870 774 2880 ,
799 2823 832 2871 10
852 2817 959 2872 oliateri

29 2890 42 2943 i
59 2907 80 2946 e.
174 2895 206 2943 13
231 2905 352 2944 crossum
378 2906 419 2958 cp.
512 2895 546 2944 14
567 2891 786 2960 comprobantur
800 2905 830 2958 p.
924 2893 957 2942 ts

29 2990 30 3000 κ
53 2961 183 3017 omnibus
202 2977 233 3029 p.
343 2966 376 3015 16
400 2960 514 3015 mollem
538 2978 568 3030 p.
679 2967 711 3015 18
738 2960 825 3015 etiam
852 2975 902 3015 om.
926 2977 957 3030 p.

29 3037 63 3088 tie
80 3032 190 3096 diebus)
209 3047 259 3086 mn.
278 3048 321 3099 cp.
409 3037 441 3086 19
461 3032 491 3085 ei
509 3032 583 3102 (onte
601 3032 658 3102 dia)
679 3049 705 3087 c:
732 3048 782 3087 om.
798 3047 829 3099 p.
915 3031 957 3102 pi·

29 3121 44 3157 n
63 3121 103 3174 ep.
177 3109 211 3157 20
230 3102 404 3172 legiptime
421 3103 537 3158 maioris
551 3120 582 3172 p.
655 3121 719 3157 cum
733 3101 827 3157 calida
841 3117 916 3170 aqua
924 3119 957 3172 p.

29 3191 74 3229 aas
92 3174 273 3230 accessiones.
290 3175 295 3242 1
310 3173 372 3228 omi
388 3176 453 3244 (pro
471 3177 545 3241 orae)
559 3191 590 3244 p.
642 3180 674 3229 21
695 3174 763 3229 dere
781 3190 832 3229 om.
852 3190 873 3228 c.
925 3176 958 3229 ui

35 3245 80 3301 vel
98 3246 159 3315 (ul')
178 3246 235 3300 ani.
255 3261 277 3300 e.
369 3245 510 3315 filegricus
529 3261 570 3315 cp.
652 3251 686 3299 22
706 3244 862 3315 sinpepiico
881 3244 957 3299 lexo-

29 3334 82 3387 rp,
106 3315 231 3386 sinpepii
253 3316 345 3371 celebs
369 3316 471 3387 opitios
490 3333 512 3371 e.
621 3316 779 3385 appellavit
802 3333 836 3384 p:
861 3316 959 3381 appel-

29 3406 74 3444 .o.
183 3393 216 3441 23
240 3386 409 3458 diaspoliten
432 3404 460 3458 c,
484 3386 649 3444 diaboliieu
668 3403 689 3456 p
712 3385 902 3455 lbiaepolbee
925 3382 985 3440 'eib-

29 3460 149 3514 'solatum
168 3464 234 3514 onte
251 3460 335 3530 corr.)
357 3477 384 3517 c:
405 3476 459 3518 oro.
477 3478 510 3533 p.
780 3474 782 3476 ’
