2318 3788
370 185 612 250 -121-

35 332 115 408 ruitur
142 339 242 392 autern
270 332 301 391 in
328 332 466 411 passione
499 332 678 392 constitutos
706 331 900 393 articulorum
928 351 995 413 per·

35 421 80 480 ctio
102 428 132 481 et
153 421 285 500 parvitas
307 420 426 501 pulsus,
449 422 526 499 iugis
549 422 677 481 vomitus
696 438 765 483 cum
783 422 995 482 intestinorum

35 517 141 590 mento,
182 517 214 569 et
247 511 360 570 ventris
393 507 502 570 solutio
534 527 568 570 ac
601 509 745 570 stomachi
778 528 846 570 cum
875 513 995 590 pruritu

35 599 99 659 33313.
150 598 281 658 efficitur
318 615 353 658 ex
391 597 579 658 antecedenti
611 597 808 678 indigestione
842 603 911 660 aut'
926 599 995 658 mali

35 685 182 748 dicaminis
201 694 320 766 accepta
340 689 470 767 potione.
508 695 539 748 33
557 686 656 748 differt
674 706 691 748 a
710 687 832 769 diarria,
856 690 1022 768 quoniam⁵

34 773 124 837 dorica
158 777 257 857 passio
286 778 365 836 sicut
396 775 526 836 diximus
554 794 608 855 333
635 784 770 838 ventrem
803 777 932 838 eflicitur
965 786 995 838 et
1056 825 1058 831 ,

35 865 89 926 nitu
110 865 255 945 plurimo,
278 863 386 925 diarria
412 882 483 924 vero
507 883 576 925 non.

68 952 322 1016 incusationibus
342 971 412 1014 vero
436 953 586 1033 polentam
604 953 710 1014 elixam
729 953 854 1015 calidam
877 957 908 1015 in
927 954 994 1015 cibo

34 1044 63 1104 ris
93 1062 162 1105 oum
190 1045 258 1103 vino
291 1042 401 1103 melino
433 1042 462 1102 id
491 1049 538 1102 est
565 1044 741 1123 granaticio,
773 1051 804 1104 et
834 1043 888 1104 alia
918 1061 994 1122 quaa

34 1130 68 1192 rili
88 1135 198 1194 virtute
221 1131 338 1193 valeant
365 1130 551 1192 stomachum
579 1131 774 1192 confortando
802 1150 940 1194 recreare
964 1140 1037 1193 et10

34 1237 59 1280 33
83 1222 224 1301 patientis
252 1220 402 1300 depositas
430 1221 555 1299 erigere.
597 1219 650 1280 sed
683 1222 709 1280 si
741 1221 819 1280 forte
851 1239 885 1281 ea
918 1238 994 1299 quae

34 1312 126 1389 :operit
152 1312 274 1371 minime
304 1308 475 1370 stomachus
503 1310 648 1388 tennerit,
676 1309 792 1370 modico
815 1305 994 1388 (tempore)

34 1401 153 1478 erposito
181 1402 293 1459 iterum
321 1399 447 1459 reficies.
489 1396 545 1457 hoc
573 1399 662 1458 tertio
692 1396 737 1457 vel
767 1405 873 1476 quarto
904 1397 994 1458 facies

33 1502 133 1567 ousque
156 1487 327 1548 stomachus
351 1485 461 1565 aliquid
485 1494 676 1566 acceptorum
695 1487 835 1568 retineat,
859 1504 896 1546 ne
915 1488 994 1546 vires

33 1578 157 1650 33333313
176 1578 293 1636 minuto
317 1577 453 1655 corporis
472 1577 656 1636 nutrimento
675 1577 872 1637 insumantur.
906 1577 993 1636 etiarn
1009 1587 1035 1628 1⁵

42 1667 220 1726 summitates
252 1682 394 1726 manuum
418 1682 451 1724 ac
479 1663 589 1743 pedum
613 1666 778 1744 constringi
801 1663 932 1744 iubebis,
964 1674 994 1724 et

34 1751 116 1814 iculos
149 1755 256 1834 pannis
290 1753 392 1814 calidis
425 1751 580 1813 calefacies
612 1761 643 1814 33
669 1753 734 1814 lana
765 1752 845 1813 molli
873 1762 994 1833 opertos

35 1839 101 1924 abis,
133 1851 164 1903 et
197 1843 222 1903 si
254 1844 379 1903 nimium
408 1843 537 1902 33333311
565 1843 777 1903 intestinorum
803 1850 994 1922 tormentum,

33 1933 108 2010 333113
127 1929 244 1992 duabus
258 1949 294 1991 ex
310 1929 403 1991 calida
420 1948 510 2009 posca
531 1931 680 2008 expressis
699 1929 810 1991 alterna
830 1932 993 1990 mutatione

33 2015 150 2081 *bilicum
178 2017 333 2099 vaporabis
362 2027 392 2079 33
420 2026 488 2098 3331
515 2019 738 2098 vaporationem
765 2017 839 2079 lanis
867 2036 904 2078 ex
927 2018 992 2079 oleo
1007 2032 1033 2072 ao

35 2104 86 2169 lino
109 2108 210 2188 tepido
233 2110 352 2187 operies
376 2115 404 2168 et
429 2105 575 2167 fasciabis.
613 2108 688 2167 etsi
709 2109 846 2168 nimietas
866 2109 993 2168 vomitus

32 2200 123 2274 rgerit,
151 2195 339 2258 cucurbitam
367 2195 513 2258 stalticam
544 2194 574 2255 id
602 2203 649 2256 est
677 2197 916 2257 constrictoriam
948 2199 993 2256 ori

33 2289 89 2347 3313
112 2284 343 2366 conglutinabis,
367 2293 398 2346 et
420 2285 579 2345 omfacium
599 2302 668 2344 cum
689 2283 782 2345 calida
801 2303 877 2364 aqna
900 2284 992 2346 dabis.

52 2377 73 2435 si
113 2374 210 2436 adhuc
252 2373 334 2434 cibos
373 2375 495 2435 minime
536 2374 669 2434 tenuerit
710 2373 894 2455 stomachus,
935 2376 993 2435 erit

53 2605 64 2652 1
83 2598 269 2670 con(9)frictio
289 2616 319 2670 c,
338 2595 500 2669 perfricatio
515 2614 545 2666 p.
637 2605 653 2652 2
672 2614 736 2652 cum
755 2615 806 2654 om.
826 2615 852 2668 c,
873 2600 924 2654 ubi
940 2598 991 2655 131.

32 2674 155 2726 mentum.
233 2677 302 2725 333
323 2685 350 2725 c:
369 2672 446 2738 etp.
521 2667 666 2738 53311333
680 2672 781 2739 333313
791 2687 821 2738 3.
895 2676 992 2726 83333

53 2758 71 2797 3.
161 2738 901 2813 3313313331(3313313333)311333ι3311331333..
976 2749 992 2796 9

32 2808 140 2884 111333,
160 2813 267 2868 malino
285 2830 308 2868 3.
390 2809 546 2883 3333311313
562 2828 596 2880 p:
616 2826 705 2880 grona
722 2811 835 2867 triticeo
853 2829 875 2868 c.
959 2820 992 2868 10

34 2880 62 2937 ili
79 2891 124 2939 mo
144 2888 190 2956 (=
208 2884 304 2952 modo)
328 2883 432 2939 3131313
456 2899 478 2937 3.
588 2887 621 2935 12
645 2881 774 2938 dennerit
795 2884 859 2952 (sio)
876 2899 903 2939 c:
926 2885 992 2939 rsti-

31 2955 103 3025 3113
121 2959 168 3023 (cf.
187 2973 212 3010 o.
231 2961 289 3023 24).
371 2953 483 3010 modico
502 2955 548 3022 (33.
567 2954 704 3023 tempora)
723 2955 764 3010 sic
781 2970 822 3024 33.
896 2961 929 3009 13
948 2971 992 3010 33-

31 3030 153 3098 33133)
172 3059 205 3067 —-
225 3029 282 3096 (14)
302 3025 423 3081 33113331
440 3042 491 3081 oro.
511 3042 533 3079 c.
658 3024 836 3095 14<a1iquid
857 3026 921 3081 odd.
937 3027 992 3096 p0)

31 3099 86 3162 (det.
106 3104 190 3168 corr.)
206 3117 225 3170 p
245 3099 393 3159 3333111331
406 3115 436 3167 p.
512 3102 545 3151 15
560 3095 749 3165 egrotantium
763 3113 785 3154 c.
858 3097 945 3152 etiam
963 3097 993 3153 31

31 3184 55 3236 p,
77 3171 181 3226 3133133
200 3172 230 3225 31
243 3187 264 3225 c.
358 3174 390 3223 16
409 3165 577 3238 constringi:
597 3167 632 3234 cf.
650 3166 713 3223 Gal.
733 3167 793 3235 XI,
813 3172 849 3223 50
867 3170 991 3238 (1331333

31 3248 161 3311 ,propter
179 3242 363 3296 musculorum
382 3240 587 3296 contractiones.
620 3237 680 3294 Aet.
700 3244 732 3306 9,
750 3244 797 3296 12.
815 3243 860 3296 13.
874 3257 915 3310 3.·
928 3245 990 3296 545.

31 3313 158 3383 ’133311
242 3319 274 3368 17
295 3309 425 3366 calefacti
444 3310 509 3366 etl.
529 3328 565 3364 m.
585 3326 608 3366 3.
690 3313 719 3365 31
740 3325 790 3365 om.
805 3328 836 3381 3.
909 3313 991 3382 33133

31 3383 330 3453 3131333333·
387 3389 419 3438 18
438 3382 557 3438 senserit
575 3398 601 3437 a:
626 3381 778 3437 sumserint
794 3399 827 3450 3.
909 3389 952 3432 <m
967 3385 1004 3430 31

31 3453 71 3510 ido
85 3473 115 3526 3.
189 3454 280 3526 333313
298 3471 339 3526 33.
413 3452 645 3511 ascendentes
664 3451 826 3508 3311333111
840 3467 874 3517 p.
