2318 3788
443 195 685 260 -179-

50 339 156 402 Graeci
185 348 324 422 ectropas
349 347 470 415 vocant,
497 347 528 401 et
555 339 591 401 ad
619 340 739 402 dolores
764 341 975 404 intolerabiles.
1021 361 1068 405 re·

51 431 122 508 cipit
139 446 266 508 spumae
284 431 410 510 argenti,
428 446 578 510 cerussae,
595 432 743 511 mastices,
761 433 895 492 omnium
908 445 945 494 -:-
957 439 1070 514 ternas,

50 536 135 578 cerae
165 531 203 580 ÷
230 516 281 598 Vl,
313 519 474 597 iusquiami
501 518 604 579 viridis
634 521 713 601 suoi,
743 519 802 581 olai
828 521 949 600 myrtini
977 519 1069 580 libras

51 606 189 686 singulas.
233 623 308 684 quae
337 614 409 667 sunt
436 608 514 667 sicca
541 614 622 668 teres
651 626 719 669 cum
747 627 820 670 suco
848 610 1008 688 iusquiami
1038 615 1069 669 et

50 697 92 756 sic
125 697 307 756 cerotarium
339 713 440 756 rasum
472 694 659 757 admiscebis.
708 704 738 758 ct
764 699 796 759 in
823 715 881 758 usu
916 696 1003 758 tolles
1031 709 1095 756 ext

48 785 113 863 ipso
127 783 324 844 medicamine
343 791 374 845 et
392 791 473 844 teres
491 785 522 844 in
541 786 683 845 mortario
701 784 842 864 plumbeo
857 803 926 848 cum
944 803 1067 846 rosaceo

50 880 99 932 aut
125 873 257 952 myrtino
285 870 352 932 oleo
381 872 476 932 donec
504 880 681 948 crassescat,
710 881 740 934 et
767 873 865 936 illines
892 873 1000 936 locum.
1038 880 1068 934 et

50 960 234 1041 sirolueris‚
253 979 291 1021 ex
308 962 373 1040 ipso
393 960 609 1022 medicamento
629 961 822 1040 emplastrum
840 964 1068 1043 superimpones

49 1055 78 1110 et
104 1048 219 1128 ligabis.

389 1187 500 1250 LXXV.
536 1189 584 1251 rid
608 1189 731 1251 idema.
1081 1205 1107 1244 10

135 1297 260 1376 Antiqui
283 1315 337 1357 seu
360 1304 478 1358 veteres
500 1297 609 1358 medici
631 1296 735 1358 dicunt
758 1313 824 1356 esse
847 1295 957 1378 idema‚
984 1296 1063 1374 quod

47 1405 102 1447 nos
132 1403 276 1464 aquosam
306 1385 490 1445 inflationem
521 1384 661 1465 dicineus,
693 1383 876 1445 subalbidam
910 1392 941 1445 et
968 1383 1064 1444 laxam

47 1475 208 1535 extantiam
232 1491 307 1553 quae
331 1472 469 1534 ostendat
491 1473 652 1552 digitorum
674 1473 871 1554 impressione
895 1471 1064 1552 designatas

47 1563 246 1624 concavitates
274 1563 408 1642 corporis
435 1579 603 1641 resurgere.
645 1570 675 1622 et
701 1563 736 1623 iit
762 1559 809 1622 vel
829 1568 996 1640 generatur
1026 1580 1062 1622 ex

45 1650 193 1730 flegmatis
221 1648 386 1711 substantia
414 1657 465 1710 aut
492 1668 529 1711 ex
557 1651 665 1730 spiritu
693 1668 838 1732 vaporoso
866 1651 945 1711 circa
972 1649 1105 1730 pedesne

45 1739 93 1800 vel
121 1756 211 1799 crura
239 1757 326 1818 saepe
355 1741 496 1799 eveniens
518 1740 549 1799 iu
576 1739 698 1821 ptboes,
724 1740 782 1800 hcc
806 1745 852 1800 est
873 1741 904 1798 in
928 1738 1065 1818 pthisiois

46 1835 77 1889 et
107 1829 140 1888 in
173 1825 341 1908 cacberies,
377 1826 408 1887 id
442 1834 488 1887 est
520 1845 681 1905 corporum
712 1828 798 1888 malis
831 1825 1064 1887 habitudinibus.

46 1916 222 1996 frequenter
250 1917 276 1977 si
304 1932 373 1976 eum
400 1917 485 1975 tenui
512 1913 656 1976 febricula
684 1916 855 1994 eontigerit,
887 1913 1065 1994 hydropicas

45 2004 225 2085 superallert
248 2005 412 2084 passiones,
438 2009 468 2063 ct
490 2003 617 2062 maxime
635 2003 667 2063 iu
686 2003 863 2064 cacbeotiois
877 2001 1064 2082 corporibus,

43 2092 74 2154 id
102 2099 150 2154 est
176 2090 252 2152 mala
280 2090 454 2152 habitudine
482 2091 609 2171 affectis,
638 2094 815 2170 praesertim
843 2091 870 2149 si
898 2097 928 2151 et
950 2092 1064 2153 ventris
1078 2106 1106 2147 ao

45 2181 138 2242 luerit
165 2198 273 2240 cursus
301 2182 333 2240 in
355 2177 464 2259 isdem,
488 2185 521 2238 ut
544 2178 617 2258 dixi,
639 2179 843 2260 passionibus,
870 2177 926 2238 sub
950 2177 1064 2240 difficili

43 2269 241 2349 temperantia
260 2269 409 2347 corporis,
433 2285 521 2346 quam
540 2265 645 2328 Graeci
664 2267 834 2348 dyscrasian
860 2276 974 2349 vocant,
1003 2274 1062 2327 sto·

44 2357 169 2419 machus
192 2364 326 2418 nocetur.

117 2497 132 2545 1
156 2491 209 2545 hec
227 2492 323 2559 tropas
348 2506 373 2556 e,
398 2476 482 2559 ebpas
496 2506 527 2559 p.
636 2493 662 2556 Ii
685 2507 718 2560 ep
740 2490 788 2558 (ef.
811 2490 916 2544 Petroc.
931 2505 962 2580 p.
982 2495 1062 2557 278).

43 2560 192 2618 amastici
210 2577 238 2628 c,
257 2562 372 2615 maseiei
387 2576 416 2629 p.
498 2565 579 2615 aab.
598 2564 626 2629 -ζ-
645 2561 700 2615 ,HL
715 2577 745 2630 p.
819 2559 838 2614 1'
859 2559 952 2630 singli
970 2577 997 2628 o,
1016 2565 1063 2618 air.

43 2635 71 2690 l'.
90 2633 111 2686 Ι.
128 2649 159 2702 p.
233 2637 249 2686 ὅ
268 2631 405 2686 admisces
422 2647 451 2700 p,
470 2629 588 2698 omisoes
606 2648 628 2686 c.
700 2631 731 2686 in
744 2649 826 2686 usum
844 2647 890 2700 cp:
909 2647 974 2686 cum
992 2648 1065 2702 opus

42 2703 129 2760 fuerit
149 2702 224 2758 Petr.
302 2705 331 2756 et
349 2717 428 2771 exp.
508 2704 629 2772 lsutp
647 2703 761 2769 (Petra
781 2705 809 2756 et
827 2718 849 2756 c.
922 2701 1015 2756 illimes
1029 2720 1064 2772 p,

43 2774 123 2830 -nis
143 2790 164 2829 e.
255 2773 384 2842 8ip0nis
402 2789 443 2841 cp.
536 2777 569 2826 10
587 2772 632 2826 Ad
649 2773 773 2842 hydema
790 2789 805 2828 o
823 2772 928 2840 (idema
945 2773 1003 2828 irtel.
1018 2775 1063 2842 p),

41 2846 85 2902 De
103 2860 210 2914 aquosa
227 2842 380 2898 inflatione.
407 2845 434 2909 lt
442 2859 474 2912 p.
548 2848 579 2897 11
595 2841 689 2897 idema
705 2860 734 2911 p,
753 2843 868 2898 hidema
881 2859 903 2899 e.
976 2860 1062 2912 quam

42 2934 84 2987 ep.
179 2919 211 2968 te
237 2914 386 2969 subalbida
409 2916 439 2968 et
459 2914 525 2968 laxa
548 2912 676 2969 extantia
693 2930 735 2984 ep.
827 2919 860 2968 13
880 2914 1011 2968 ostendat
1027 2931 1060 2984 p:

42 2987 123 3042 -dit
145 3003 161 3042 o
182 2986 232 3051 (ad
254 3001 311 3040 rem
333 2987 369 3052 cf.
401 2983 508 3040 Oriboa.
535 3001 643 3056 synope.
670 2988 702 3051 7,
724 2989 761 3040 35
783 3001 816 3040 eae
838 2984 901 3040 Gal.
922 2984 966 3050 X,
984 2989 1061 3052 963).

41 3056 215 3130 ipressiones
233 3073 256 3122 e,
275 3072 375 3110 —nem
389 3072 420 3125 p.
494 3061 528 3110 14
547 3056 670 3126 corporis
688 3071 738 3112 om.
751 3072 781 3126 p.
856 3061 889 3110 16
908 3053 1022 3125 pthoed’
1037 3072 1062 3122 e,

41 3148 143 3217 pthoes
160 3146 224 3212 (sie)
239 3161 262 3214 p
279 3139 452 3227 limpidato
471 3143 534 3200 Gai.
553 3145 596 3211 X,
614 3149 678 3226 9535
707 3144 771 3213 XI,
790 3146 880 3225 101).Ι
935 3125 1060 3214 Ἤδη·

42 3217 108 3272 sicis
133 3233 161 3284 e,
188 3223 218 3298 .ῑὶ
242 3217 352 3298 pt3s1o1s
374 3231 404 3285 p.
521 3221 553 3270 1⁷
581 3232 707 3298 caeenes
732 3230 760 3283 e,
788 3230 913 3271 catenes
941 3217 1006 3286 (sie)
1028 3232 1060 3284 p.

42 3287 391 3428 rebellitate
402 3373 433 3426 p.
497 3287 757 3426 aliialii?
777 3293 895 3414 naal?
908 3286 1063 3425 ffi⁰²¹⁰li

44 3447 192 3505 discrassis'c
211 3463 238 3514 c,
257 3447 376 3502 diatessi
387 3462 413 3518 p
431 3446 475 3514 (irs
492 3462 582 3520 marg.
597 3452 615 3503 'i
632 3441 653 3502 b
670 3435 804 3504 ulmum
817 3448 875 3514 pi).

878 3527 937 3581 tu*
