2318 3788
494 181 732 248 -158—

193 331 342 392 confectio
370 330 510 390 cerotarii
533 330 675 408 stypticae
699 330 820 389 virtutis
850 331 1027 389 conveniens
1047 346 1100 408 syn

104 437 178 499 cope
205 417 417 481 laborantibus.
458 419 566 498 recipit
592 425 731 497 granatae
759 419 855 478 siccae
886 419 1006 479 corticis
1027 414 1101 498 ild,

104 507 242 570 aluminis
264 510 352 569 scissi
373 506 394 574 5
418 507 445 588 1,
468 525 554 568 cerae
577 504 599 573 3
623 505 691 588 llll,
714 505 773 566 olel
795 505 946 568 lentisolni
969 514 1018 568 aut
1034 523 1100 586 mys

103 600 159 658 tini
182 597 290 658 ÷11l
313 597 405 658 facies
428 598 480 656 sic.
520 602 660 675 granatae
683 597 799 656 corium
821 595 932 656 tundes
955 603 985 656 et
1006 595 1100 657 tanais·

77 688 179 747 ssime
207 703 327 767 cernes,
360 703 429 746 cum
456 685 584 746 alumine
617 687 649 745 in
676 685 819 745 mortario
847 683 937 745 simul
964 695 1052 766 teres,
1078 689 1102 742 et

105 777 148 834 sic
165 791 307 834 erassum
330 777 510 836 cerotarium
534 772 719 833 admiscetis.

401 933 485 994 LXV.
522 933 569 993 ad
593 932 826 1012 apoplexiam.

193 1057 353 1138 apoplexia
373 1067 419 1120 est
441 1058 520 1119 dicta
542 1059 641 1137 passio
661 1055 697 1117 ab
721 1075 756 1118 eo
778 1056 858 1137 quod
878 1060 1031 1120 mortifero
1051 1061 1101 1120 ictu

104 1149 238 1226 corporis
258 1147 346 1208 simul
364 1155 395 1208 et
413 1149 527 1207 animae
547 1145 704 1207 concidant
721 1148 878 1226 patientes.
915 1155 946 1209 et
968 1157 1013 1210 est
1032 1165 1101 1230 para·

63 1249 89 1288 10
102 1235 173 1316 lysis
205 1244 291 1297 acuta
323 1253 485 1297 nervorum
517 1237 569 1314 qui
597 1234 721 1314 siugulis
751 1234 882 1297 motibus
915 1236 1103 1299 membrorum

102 1327 269 1387 inserviunt
287 1343 356 1386 cum
374 1327 465 1386 animi
488 1325 694 1404 compatientis
712 1324 950 1386 insensibilitate.
983 1328 1103 1406 sequitur

102 1421 202 1474 autem
224 1416 372 1494 patientes
395 1411 607 1475 insensibilitas
630 1414 723 1474 totius
746 1415 882 1493 corporis
905 1422 937 1475 et
962 1414 1103 1496 oppressio
1148 1448 1150 1473 ι

83 1501 199 1579 Ι51111111
226 1510 346 1581 praeter
374 1505 519 1563 rationem
543 1509 573 1562 et
599 1501 755 1583 paralysis,
781 1511 816 1563 ut
844 1505 935 1564 etiam
960 1506 1104 1585 repentino

103 1607 173 1650 casu
197 1589 404 1651 obmutescant
427 1599 457 1650 et
481 1589 619 1651 sensibus
642 1589 780 1652 omnibus
802 1593 969 1672 priventur.
1014 1600 1045 1654 et
1066 1592 1106 1655 ali·

61 1691 88 1730 1⁵
102 1680 206 1757 quanti
233 1681 264 1738 in
292 1677 396 1739 dextra
422 1686 507 1758 parte
535 1677 683 1758 paralysin
714 1681 883 1762 patiantur,
916 1680 1060 1763 aliquanti
1083 1683 1108 1743 n

102 1769 230 1828 sinistra.
274 1775 304 1827 et
332 1775 403 1828 sunt
429 1766 586 1828 distantiae
614 1769 760 1847 passionis
788 1767 872 1830 duae.
910 1788 979 1831 nam
1009 1771 1110 1833 dieitur

102 1855 255 1935 apoplexia
273 1863 303 1917 et
325 1855 502 1936 paraplexia.
539 1855 592 1916 sed
612 1855 764 1936 apoplexia
787 1876 875 1936 quam
894 1861 1022 1938 primam
1045 1859 1109 1921 dixi·

101 1962 169 2005 mus
187 1947 280 2007 totius
299 1947 434 2025 corporis
454 1962 520 2006 esse
542 1942 727 2024 intellegitur
745 1963 814 2006 cum
831 1949 942 2008 mentis
961 1957 992 2010 et
1011 1965 1111 2010 sensus

100 2033 240 2115 paralysi,
272 2034 440 2114 paraplexia
467 2050 539 2094 vero
566 2033 598 2092 in
621 2051 681 2093 una
707 2041 792 2114 parte
820 2038 956 2116 corporis
988 2038 1112 2100 efficitur

59 2134 85 2174 ²0
100 2130 151 2183 aut
173 2121 278 2182 dextra
301 2130 352 2182 aut
375 2124 503 2182 sinistra.
540 2138 608 2181 nam
635 2123 700 2202 ipse
723 2121 967 2203 Hippocrates
994 2129 1112 2189 senior

100 2208 270 2290 dogmatum
297 2213 438 2290 princeps
466 2209 540 2271 duas
569 2209 722 2272 distantias
749 2214 897 2291 passionis
925 2213 1063 2278 scribens
1083 2217 1112 2276 in

99 2299 247 2359 alorismis
271 2301 314 2359 sic
337 2301 391 2380 ait,
415 2299 530 2359 solvere
553 2298 737 2378 apoplexiam
763 2301 957 2362 fortissimam
980 2305 1112 2384 impossi-

99 2386 173 2468 bile,
196 2386 374 2449 imbecillem
397 2406 468 2448 vero
491 2405 552 2448 non
575 2387 669 2449 lacile.

188 2474 226 2536 ob
250 2475 431 2556 diligentiam
456 2494 527 2537 vero
549 2478 712 2538 curationis
734 2480 879 2541 vomitum
907 2481 1113 2561 inpraesenti

59 2577 85 2618 aa
98 2564 273 2644 provocabis
296 2584 332 2626 ex
356 2565 507 2647 ydrelaeo,
530 2563 560 2624 id
583 2573 685 2626 estex
704 2584 779 2646 aqua
798 2568 891 2629 calida
911 2577 942 2630 et
963 2569 1044 2653 oleo,
1066 2570 1112 2631 ad·

169 2736 288 2806 ΗΜ).
362 2738 623 2808 samsonem.
696 2741 862 2810 auteatcp.
934 2742 1112 2811 4†.111.p=

96 2805 180 2869 3111.
200 2823 222 2862 e.
303 2806 431 2863 iacissie
445 2824 593 2877 promo.
678 2814 948 2880 uteresesorm.
1031 2812 1113 2868 sad·

96 2877 198 2932 misces
216 2893 256 2947 ap.
339 2878 416 2934 ‘lDe
434 2879 586 2962 apoplexia
600 2897 629 2950 p.
711 2881 825 2938 edicta
843 2885 885 2938 est
897 2898 928 2951 p.
1016 2890 1114 2940 seon·

98 2949 201 3004 cadant
214 2966 244 3019 p.
319 2955 351 3004 11
366 2955 401 3004 cia
415 2951 504 3006 ammi
515 2951 621 3034 paulati
638 2969 654 3018 a
669 2959 681 3006 i
695 2953 882 3010 sensibilitate
902 2970 925 3024 c,
945 2972 1010 3010 oum
1028 2954 1123 3017 animi.

97 3023 124 3088 (c
135 3022 175 3091 ab
188 3019 390 3078 insensibilitas
403 3023 602 3093 compatientis
615 3023 709 3094 passio
721 3031 756 3094 ρο
770 3026 812 3095 (in
825 3041 921 3095 mom,
935 3043 1002 3082 som
1015 3041 1065 3082 oss.
1071 3030 1113 3096 p).

99 3097 132 3146 13
150 3092 288 3148 rationem
302 3109 338 3163 p:
360 3093 466 3150 isotdm
485 3096 648 3165 (·-tionsm)
666 3112 688 3151 e.
777 3101 810 3151 lb
835 3095 866 3151 in
883 3112 934 3152 ora.
954 3114 976 3153 c.
1063 3096 1112 3152 ali·

97 3164 197 3231 quanti
215 3180 242 3219 c:
261 3164 378 3234 quidam
392 3183 424 3236 p.
498 3173 531 3222 18
548 3165 617 3222 totis
638 3166 769 3238 corpibus
787 3183 810 3222 e.
881 3167 1054 3238 intelligitur
1071 3183 1109 3237 ap.

99 3239 131 3289 19
151 3235 280 3308 paralisis
292 3253 324 3306 p,
343 3237 424 3293 -ain
442 3253 465 3293 c.
506 3237 700 3364 Hparaplsxia
719 3254 769 3296 oro.
789 3255 811 3294 a.
884 3244 919 3294 20
936 3239 999 3310 ipse
1015 3255 1067 3295 aaa.
1084 3255 1110 3310 p.

537 3326 548 3364 s

96 3321 216 3376 ypocras
234 3323 262 3375 e,
285 3314 434 3378 ypocrates
447 3325 471 3378 p
494 3312 510 3377 (
545 3325 595 3380 pp.
620 3310 697 3376 III,
720 3314 775 3366 717
795 3310 894 3381 Πρω.
1004 3315 1039 3364 aa
1056 3327 1112 3364 am·

90 3376 262 3520 {ffiffss’
279 3379 363 3435 anffo.
383 3381 447 3450 (ate)
460 3396 491 3449 p.
563 3386 598 3437 tt
617 3396 683 3437 vero
700 3397 751 3437 om.
766 3398 797 3451 p.
884 3387 918 3436 25
936 3381 1072 3452 ydreleon
1089 3395 1112 3450 e,
