2318 3788
488 163 706 229 -72-

90 309 172 371 dicae
205 307 256 371 εἶτ’
282 309 309 370 11
336 308 455 370 coliculi
483 327 556 370 suco
588 308 709 388 colliges
742 317 773 371 et
800 309 892 370 facies
923 307 1046 388 collyria
1077 309 1107 368 in

90 399 210 460 modum
234 398 317 459 fabae
340 399 493 477 aegyptiae
517 399 600 459 9119
624 397 686 459 sole
710 396 844 460 siccabis.
871 391 876 482 Ι

15 602 49 685 „a
256 530 267 544 ⁸
323 547 468 610 XXXIIII.
504 549 552 610 Ad
576 550 703 610 tussim
727 548 871 610 aridam.

15 697 91 748 ndu),
181 665 286 726 Tussis
320 664 401 725 arida
434 683 451 724 a
482 664 604 725 Graecis
639 663 824 726 xerobeclres
864 665 1043 746 appelletur,
1080 671 1110 727 et

65 757 264 833 cognoscitur
292 757 431 832 quotiens
454 771 522 814 cum
550 771 642 832 parvo
669 753 806 832 flegmate
829 761 861 815 et
888 755 1019 816 feudum
1044 762 1107 814 ten-

92 845 176 902 sione
190 851 221 904 et
235 842 393 921 gravedine
412 851 442 903 et
460 843 551 902 nimia
569 840 700 902 thoracis
717 844 931 904 constrictione
946 861 983 904 ex
1002 844 1107 904 viscosi

91 931 238 1011 flegmatis
265 931 414 991 infusione
443 939 524 1011 nata,
551 948 641 1009 qnam
668 929 774 991 Graeci
792 933 950 992 -cetarrian
977 933 1040 992 sire
1064 948 1107 992 cn·

92 1029 197 1082 terrun
212 1028 326 1080 vocant.
363 1018 520 1098 aliquando
538 1028 568 1080 et
586 1037 602 1079 a
621 1029 705 1098 tergo
724 1019 858 1081 dolorem
876 1022 956 1082 inter
974 1019 1110 1100 scapulos

93 1111 240 1189 sentiunt,
268 1107 347 1187 qnod
375 1106 481 1169 Graeci
506 1108 692 1169 metafrenon
720 1108 832 1170 dictmt.
878 1111 1026 1188 contingit
1053 1109 1108 1170 fre·

53 1213 79 1252 ιο
94 1205 221 1277 quenter
235 1216 272 1258 ex
286 1197 474 1258 antecedenti
486 1197 681 1276 perfrictione
696 1205 747 1258 aut
756 1216 773 1258 e
783 1200 934 1259 contrario
944 1197 1108 1259 adustione.

93 1288 204 1349 etenim
222 1287 318 1347 omnis
341 1287 434 1365 frigor
457 1284 582 1346 cerebro
604 1284 762 1347 humorem
781 1286 984 1365 flegmaticum
1007 1288 1112 1367 nouit,

93 1375 255 1436 identidem
269 1377 380 1436 nimius
394 1374 475 1436 calor
488 1393 526 1435 ex
540 1373 820 1436 calefacto-cerebro
835 1375 995 1437 humorem
1009 1392 1109 1456 supru-

94 1463 207 1525 dictum
230 1463 267 1524 ed
289 1464 448 1525 inferiores
470 1474 572 1543 partes
593 1463 788 1542 liquefactum
804 1463 940 1526 ‚dimittit

183 1554 215 1612 iu
238 1552 443 1613 curationibus
465 1570 536 1612 vero
560 1560 680 1632 oportet
705 1554 737 1612 in
766 1555 831 1631 ipso
854 1554 940 1614 initio
963 1551 1113 1632 penicillis

54 1655 81 1696 1⁵
95 1640 197 1702 calidis
228 1640 259 1701 id
287 1649 333 1701 est
361 1640 454 1701 calida
482 1658 558 1719 aqua
585 1642 736 1719 expressis
763 1639 819 1702 sub
847 1648 949 1703 mento
981 1643 1114 1720 gutturis

94 1738 208 1810 partes,
231 1747 305 1808 quas
328 1728 434 1790 Graeci
456 1738 618 1791 antereona
640 1736 760 1810 vocant,
783 1728 898 1791 alterna
920 1733 1115 1810 vaporatione

95 1827 220 1880 mutare.
257 1820 346 1879 etiam
369 1827 400 1879 et
422 1820 467 1878 ori
489 1820 604 1898 patenti
628 1825 659 1879 et
681 1817 804 1879 naribus
828 1817 986 1897 penicillos
1009 1837 1114 1898 supra·

96 1907 191 1967 dictos
215 1906 325 1968 calidos
349 1909 487 1986 congruit
513 1905 716 1968 laborantibus
739 1906 902 1986 applicare,
931 1914 962 1967 et
988 1925 1043 1968 eos
1067 1906 1115 1968 ad·

95 2013 217 2057 monere
241 2004 275 2056 ut
297 1997 333 2056 ad
358 2005 452 2057 semet
480 1998 561 2074 ipsos
589 1997 728 2076 spiritum
751 1997 868 2074 vaporis
891 1997 1025 2076 rapiant,
1056 2015 1118 2076 quo

56 2099 83 2138 no
96 2087 212 2164 possint
244 2086 387 2145 interiora
419 2085 554 2164 corporis
586 2083 733 2164 membra,
770 2101 845 2162 quae
879 2082 985 2144 Graeci
1023 2087 1119 2146 moria

97 2180 216 2246 vocant,
255 2172 444 2234 relaxationis
476 2172 660 2252 indulgentia
691 2171 825 2233 relevari.
876 2179 945 2251 post
978 2171 1055 2235 haec
1088 2183 1119 2236 et

98 2262 364 2339 anagargarismate
392 2269 482 2323 erunt
509 2261 660 2322 offerenda
685 2278 721 2321 ex
748 2277 825 2340 equa
848 2260 944 2321 mulsa
967 2261 1064 2325 calida
1087 2271 1122 2324 et
1148 2329 1154 2336 ,

98 2348 271 2409 decoctione
294 2349 344 2410 tici
363 2358 393 2410 et
415 2351 500 2430 ysopi
518 2357 569 2410 aut
588 2368 624 2410 ex
643 2348 816 2411 decoctione
838 2351 954 2428 origeni
973 2358 1004 2411 et
1023 2350 1120 2432 thymi

98 2445 129 2498 et
151 2436 330 2517 gliquiritiae
354 2445 385 2498 et
407 2437 454 2498 his
477 2437 591 2498 similia.

170 2574 287 2640 lco(an
300 2571 1121 2657 9911199119.991119199119919999.9911199999.

98 2642 518 2713 2999999999991911999
548 2659 563 2698 e
595 2644 691 2713 pciece
715 2660 738 2698 9.
809 2644 933 2712 aequitem
954 2645 988 2699 fes
1014 2663 1035 2714 9
1058 2663 1119 2717 999.

97 2713 143 2768 Ad
168 2715 307 2769 tumorem
335 2713 459 2768 faucium
482 2661 615 2785 (mg).
724 2721 740 2768 8
764 2712 810 2768 Ad
831 2715 940 2769 tussem
962 2663 1111 2773 eridnmp
1101 2735 1122 2789 9

98 2785 282 2856 (91199199
310 2784 355 2838 Ad
382 2784 483 2840 tussim
510 2785 613 2840 siccem
637 2802 677 2854 99.
787 2791 804 2838 4
832 2784 1120 2859 991999919999,

98 2872 148 2911 om.
167 2873 193 2926 9.
272 2856 475 2920 xerobeches(
461 2857 510 2926 91
507 2860 572 2928 )9
596 2856 795 2926 xerobeiasp,
813 2855 1028 2925 yerobechesc.
1103 2866 1121 2915 6

100 2927 1122 2999 9991991199.79919999999199999,991999999)9199

101 3002 241 3052 catarrum
258 3015 318 3069 999.
391 2999 551 3066 9e(qnod)
565 3015 611 3068 99.
630 3014 755 3068 999919.
829 3002 863 3052 10
877 2998 1121 3082 9991999ὲὶ9999

102 3069 813 3140 1119999999.99911.191991199ι9(99”9)9
830 3070 948 3137 (os-ine
965 3071 1070 3141 191999.
1084 3075 1120 3140 9).

101 3146 134 3194 ts
154 3140 272 3195 dimittit
289 3156 353 3211 pop:
374 3139 489 3210 deponit
509 3140 583 3197 Petr.
666 3144 699 3194 15
719 3141 1005 3212 meninmtsic)pcp.
1087 3149 1122 3198 16

100 3209 272 3265 euthereone
280 3228 312 3280 9,
326 3211 768 3266 entremao.18emmonere
784 3211 948 3281 (immunere
963 3216 990 3280 9)
1004 3213 1047 3268 aio
1059 3230 1121 3284 999.

100 3287 135 3335 20
155 3281 308 3350 morienp.
381 3288 415 3336 22
435 3284 465 3337 ei
482 3282 552 3351 (.dec
570 3283 616 3352 f.)=
636 3299 670 3338 ex
687 3299 730 3365 99,
749 3285 778 3338 ei
796 3299 875 3351 exp
954 3289 989 3337 23
1008 3283 1120 3341 ficusc.

100 3368 240 3476 exlppnc
313 3352 882 3424 94919999999999199999.
963 3355 1122 3427 similinp·

100 3441 157 3476 -ι
178 3441 210 3476 us
229 3438 269 3490 99.
