2318 3788
505 142 725 207 ..32-

198 291 360 352 curationis
392 296 491 350 autern
524 296 658 367 tempore
691 296 809 368 oportet
840 290 873 350 in
904 291 1086 371 principio,«t

108 399 166 440 una
195 398 264 459 pars
292 380 424 440 saucium
451 379 609 459 tumuerit,
637 395 672 438 ex
700 379 764 457 ipsa
786 385 888 460 parte,
917 378 996 458 quod
1017 378 1086 439 Grae

109 471 218 530 cathrin
253 475 371 540 vocant,
412 468 444 526 in
480 465 601 526 brachio
633 465 826 527 llebotomare
861 476 892 527 et
926 469 1086 528 sufficienter

109 560 283 638 sanguinem
302 553 468 616 detrahere.
508 557 554 615 siu
572 572 643 614 vero
661 557 693 615 ln
711 560 855 634 utrasque
873 564 976 635 partes
994 557 1086 617 laudnt

82 645 231 708 tuberior
254 663 287 706 se
314 653 414 706 tumor
443 642 588 704 infuderit
610 662 679 704 cum
702 642 812 704 rubore
836 646 899 723 igni
924 663 1009 706 sacro
1031 647 1086 706 sion

108 735 201 816 laute,
235 733 318 813 quod
350 732 456 794 Graeci
489 731 720 812 erysipelatodes
756 741 875 814 vocant,
912 736 944 794 in
981 732 1086 795 ambobt

108 822 239 894 brachiis
266 840 355 884 venas
383 821 510 902 incides,
538 822 564 880 si
591 822 680 882 ninris
702 820 806 901 plenae
830 825 1036 904 apparuerint,
1059 840 1086 901 qu

53 925 93 966 190
109 912 205 992 possit
227 912 370 991 proximis
390 909 396 986 1
416 909 489 970 locis
509 911 661 988 sanguinis
679 909 864 972 detractione
888 911 966 972 laeta
984 912 1086 973 relaxat:

110 999 294 1062 tumentibus
318 1001 481 1060 ministrari
503 996 646 1078 partibus.
683 1001 730 1060 sin
749 1017 819 1060 vcro
844 1000 947 1060 senilis
970 1009 1049 1062 aetas
1068 1017 1086 1060 at

70 1106 96 1144 ro
109 1088 253 1151 infantilis
284 1096 378 1162 aetas,
411 1087 490 1167 quod
523 1086 661 1165 equidem
693 1090 791 1150 rarius
827 1090 859 1149 iu
896 1091 962 1168 ipsa
997 1090 1086 1151 infant

110 1185 205 1239 aetate
224 1179 382 1259 contingit,
405 1174 557 1238 flebotomi
576 1193 665 1237 usum
682 1175 884 1258 prohibuerit,
907 1197 924 1238 a
943 1187 1027 1258 tergo
1045 1181 1086 1239 int

110 1266 245 1347 scapulas
268 1269 348 1328 circa
370 1264 506 1346 spondyli
528 1264 628 1326 locum
646 1264 832 1327 cucurbitam
858 1266 1073 1346 conglutinahis

110 1355 208 1417 addita
236 1356 423 1416 scarilatione
451 1362 669 1434 competentem
698 1357 873 1434 sanguinem
901 1355 1048 1418 detrahes.

111 1437 136 1504 si
159 1452 293 1505 ventrem
317 1462 378 1504 non
408 1444 527 1524 fecerit,
554 1445 663 1504 acriori
692 1443 818 1524 clystere
842 1443 1036 1506 deducendus
1058 1461 1086 1506 er

71 1548 96 1586 1⁵
111 1531 193 1592 dabis
213 1535 300 1592 etiarn
320 1539 351 1592 et
368 1532 495 1593 mulsam
517 1531 756 1611 gargarizandam
775 1551 811 1593 ex
835 1532 1010 1594 decoctione
1034 1533 1086 1614 pul

111 1621 275 1681 conlectam
307 1619 354 1680 vel
383 1619 455 1681 illud
484 1620 562 1700 quod
593 1621 640 1682 dia
666 1623 785 1701 pityrou
813 1631 921 1682 vocant
952 1622 982 1682 id
1015 1632 1062 1684 est

111 1707 264 1788 cantabro,
285 1711 372 1769 cuius
391 1709 608 1771 conlectionem
628 1712 766 1789 superius
786 1709 821 1771 ad
841 1719 975 1772 tumores
995 1712 1086 1774 saucio

110 1815 294 1877 scripsrmus.

199 1885 388 1967 diachrisma,
423 1886 479 1948 hoo
512 1896 558 1948 est
590 1887 824 1967 inlinimentum,
861 1889 940 1967 quod
978 1889 1086 1969 appella

71 1975 157 2036 mdia
187 1984 239 2036 ton
267 1974 458 2050 chelidonon‚
490 1976 520 2036 id
549 1983 595 2037 est
622 1995 658 2036 ex
687 1976 913 2057 hirundinibus,
945 1978 1058 2039 iaciens

112 2063 281 2143 synanchen
309 2072 339 2125 et
366 2065 403 2125 ad
430 2067 586 2126 universos
613 2072 747 2126 tumores
775 2065 919 2147 lancium,
949 2075 980 2127 et
1007 2067 1086 2128 sordi

111 2153 211 2213 ulcera
239 2155 269 2213 in
298 2171 350 2213 ore
379 2152 454 2214 bene
482 2153 634 2233 depurgat.
677 2156 783 2234 recipit
808 2164 908 2215 autem
931 2154 1086 2217 hirundini

183 2415 199 2464 2
218 2411 294 2480 quod
307 2427 344 2480 ps
362 2428 447 2480 quam
465 2427 506 2480 po.
580 2414 656 2467 teat
674 2412 732 2467 ixin
752 2408 831 2482 (καθ’
854 2411 910 2480 ἴξιν
923 2414 970 2469 vel
984 2410 1047 2468 κατ’
1071 2412 1086 2479 ἶ,

112 2481 174 2538 dat.
198 2481 249 2549 XI,
273 2485 334 2552 92):
358 2482 453 2537 atexin
474 2499 524 2552 pp,
549 2484 676 2538 anteerin
702 2501 716 2539 c
741 2484 843 2552 (cubiti
860 2502 961 2540 renam
980 2486 1080 2541 Aetius

111 2557 165 2624 47).
239 2559 256 2607 l
276 2552 324 2609 Sin
343 2571 372 2623 p:
393 2553 415 2610 si
435 2570 475 2622 cp.
567 2560 584 2607 4
601 2553 725 2610 faucium
742 2557 838 2625 partes
857 2557 988 2625 (utraque
1006 2557 1026 2611 f.
1045 2575 1086 2627 pa:

106 2628 139 2693 p)
165 2641 206 2694 cp.
280 2630 295 2678 5
318 2624 379 2695 igni
401 2640 467 2680 aero
489 2640 519 2694 p,
543 2624 617 2695 ignis
641 2633 715 2694 aqua
737 2642 765 2696 o,
792 2625 858 2697 igne
881 2629 942 2697 (sle)
967 2644 1076 2682 sacrum

112 2695 379 2765 therisipelatodes
402 2713 433 2764 p,
456 2695 601 2766 erisipilpa
615 2697 750 2766 c)lat0des
773 2714 814 2766 cp.
923 2703 940 2752 8
964 2699 1073 2768 possint

111 2765 196 2835 (-sit
208 2768 250 2836 p).
323 2769 374 2821 ot.
389 2765 517 2836 partibus
531 2767 685 2823 ministrari
703 2784 744 2837 cp.
818 2767 867 2823 Sin
881 2785 927 2838 pc:
948 2769 1018 2838 Sip.

113 2841 173 2893 etas
192 2839 331 2906 (alterum,
350 2843 382 2892 ot
399 2854 463 2892 mooe
481 2839 567 2903 etate)
590 2855 640 2893 orn.
656 2856 678 2908 p
698 2842 764 2906 (non
781 2842 833 2908 pe).
945 2840 1078 2909 equidem

111 2909 225 2978 quidem
244 2924 284 2978 cp.
394 2913 427 2962 12
450 2909 644 2978 spondilocum
667 2915 731 2965 onte
754 2926 860 2981 corcy
884 2911 1018 2981 (spondili
1036 2913 1086 2982 Ly

112 2980 316 3051 spondiliorum
333 2980 397 3035 loca
410 2983 452 3049 p).
541 2987 573 3035 13
593 2980 796 3037 scarificatione
815 2998 855 3051 cp.
949 2988 982 3036 15
1001 3000 1086 3053 garga

112 3051 218 3122 (gerari
231 3051 378 3122 placendum
393 3052 454 3121 (sic)
467 3067 508 3121 pc,
525 3053 560 3106 ad
574 3051 809 3122 gargarizandum
819 3070 849 3122 p.
925 3059 958 3107 16
973 3054 1086 3123 diapith

111 3122 536 3262 ttdtattddtttttl’
556 3123 1083 3265 ‘¹latiniilludibria

112 3269 147 3318 20
170 3237 309 3334 diaton(tb
327 3267 360 3334 p)
385 3267 512 3331 eae(ce-
532 3265 692 3334 cp)lid0n0n
713 3282 772 3335 pop.
816 3267 850 3333 ef.
874 3266 938 3323 Gal.
964 3267 1050 3337 XII,
1071 3272 1086 3322 3

112 3337 310 3405 etAsclepiod.
330 3353 374 3406 ap.
394 3335 457 3390 Gal.
478 3335 563 3405 XII,
582 3341 647 3394 942.
744 3343 777 3390 21
797 3337 851 3408 syli
861 3339 999 3407 p)nances
1017 3355 1054 3408 pp
1073 3341 1086 3406 (c

112 3424 225 3462 mances
244 3411 277 3476 c).
362 3407 486 3462 faucium
504 3409 628 3462 tumores
647 3423 688 3477 cp.
780 3415 813 3462 22
833 3411 859 3475 ld
878 3411 940 3478 (orn.
960 3411 1086 3479 autem·
