2318 3788
485 194 703 260 ..gg-

86 341 170 400 initio
198 357 269 404 snae
297 340 458 400 nativitatis
485 339 577 400 veluti
605 359 642 400 ex
669 358 778 420 genere
808 339 1051 402 exanthematum
1073 343 1102 402 iu

87 429 244 508 superficie
273 430 351 490 cutis
378 428 499 489 leratur.
543 436 573 489 et
600 431 631 490 in
654 429 752 490 medio
776 447 846 490 suae
870 431 1003 508 regionis
1027 432 1104 509 nigri

87 526 120 578 ut
143 516 287 578 carbones
311 517 497 598 alliciuntur,
520 517 599 579 rande
623 519 687 597 ipso
711 520 831 580 nomine
854 516 1034 579 carbunculi
1056 537 1105 579 vo-

87 614 200 667 cantur.
252 613 282 666 et
314 623 382 666 cum
420 614 578 685 augmento
610 607 727 668 dierum
763 608 926 686 creverint,
964 606 1105 685 quemad-

60 695 207 755 5modum
226 696 304 755 intra
323 695 447 755 lormam
467 713 551 755 suam
569 694 662 777 basis,
685 705 834 774 tamquam
854 713 890 755 ex
909 695 1106 757 similitudine

88 785 216 844 canteris
240 786 320 844 acuti
348 783 434 844 calidi
457 784 603 864 variolati,
633 802 747 845 scaram
769 784 945 864 ostendunt,
975 793 1005 845 et
1037 802 1106 845 cum

86 871 245 950 putredine
268 880 302 932 ut
325 890 412 956 saepe
436 871 496 933 dixi
520 873 699 934 efficiuntur.

177 963 290 1021 curatio
319 969 418 1022 autem
441 964 552 1040 optima
575 961 611 1021 ab
639 964 724 1023 initio
752 961 811 1021 cibi
839 961 1019 1022 abstinentia
1044 964 1106 1022 sive

87 1050 198 1109 ieiunio
228 1057 257 1109 et
285 1052 389 1128 requie
418 1053 553 1129 corporis
575 1049 621 1110 vel
641 1050 758 1112 silentio
781 1051 914 1132 incipere
938 1049 1038 1110 debet.
1078 1059 1108 1112 et

47 1151 73 1190 1⁰
87 1139 113 1197 si
140 1139 268 1216 grandes
295 1139 408 1200 luerint
435 1137 622 1220 carbunculi,
655 1147 744 1200 erunt
776 1140 889 1218 aegroti
921 1140 952 1199 in
980 1137 1107 1199 bracbio

86 1225 310 1308 flebotomandi,
340 1229 373 1287 si
389 1235 488 1288 tamen
511 1235 592 1288 aetas
615 1235 667 1288 aut
689 1236 807 1307 tempus
830 1226 876 1287 vel
899 1228 1009 1287 virium
1034 1246 1106 1306 qua-

86 1313 153 1375 litas
171 1318 351 1394 permiserit.
385 1324 415 1376 et
435 1317 460 1375 si
478 1324 612 1376 ventrem
631 1334 692 1376 non
706 1316 821 1397 lecerit,
839 1315 967 1394 clystere
987 1318 1106 1377 acriore

87 1404 273 1464 evacuandus
303 1407 366 1464 erit.
412 1405 486 1483 ipsis
517 1423 587 1464 vero
621 1403 811 1465 carbunculis
842 1405 926 1483 parvi
953 1404 1024 1464 salis
1059 1405 1108 1466 dia

87 1491 192 1551 chartu'
210 1492 458 1571 medicamentum
477 1491 557 1553 melli
576 1493 739 1554 admixtum
754 1512 770 1554 e
787 1501 867 1552 moto
886 1492 952 1552 tilto
972 1511 1107 1572 appones

60 1588 138 1639 aaut
161 1589 242 1640 certe
266 1581 388 1641 chloran
412 1598 499 1659 quam
524 1581 672 1660 appellant
691 1591 856 1661 emmoton,
878 1589 908 1641 et
926 1600 1019 1660 super
1043 1581 1107 1643 len·

159 1845 173 1891 1
193 1841 262 1909 gisae
280 1799 306 1922 9,
325 1841 379 1910 grie
398 1857 438 1910 ap.
530 1842 759 1912 crantema<tum
777 1839 807 1894 in
825 1841 857 1894 in
874 1843 952 1911 ras.)
969 1857 996 1909 9.
1089 1848 1104 1897 2

86 1909 192 1964 feratur
204 1927 250 1979 pc:
270 1915 309 1980 (1n
323 1911 497 1982 superficiem
513 1912 547 1980 c.)
567 1910 692 1966 ferantur
701 1928 731 1980 p.
804 1910 884 1980 nigor
897 1911 930 1964 ui
944 1912 1030 1966 carbo
1046 1912 1105 1966 effi-

87 1979 159 2035 citur
178 1997 193 2035 c
210 1984 279 2048 (non
295 1987 351 2052 99).
460 1988 476 2036 3
496 1982 679 2038 carbunculos
697 1983 761 2048 (sic)
780 1985 896 2035 vocatur
915 1998 929 2035 c
948 1983 1023 2050 (item
1041 1999 1106 2038 moe

86 2051 206 2106 creverit
220 2095 225 2108 .
238 2095 261 2109 ..
277 2053 425 2121 ostenditt·
474 2058 491 2107 4
505 2052 613 2123 qdffip)
624 2053 776 2108 admodum
789 2068 833 2121 99,
849 2053 971 2120 quodam
986 2053 1073 2109 modo
1083 2072 1105 2110 c.

87 2129 102 2174 5
121 2122 196 2177 intra
214 2124 304 2179 forma
322 2124 466 2179 anabasis
483 2141 513 2193 9,
537 2125 613 2179 nitra
636 2123 728 2178 forma
745 2130 796 2177 aad
814 2123 889 2177 basis
908 2141 935 2190 c,
957 2123 988 2177 in
1014 2124 1107 2180 forma

86 2192 196 2247 sabasia
214 2197 278 2264 (sic)
291 2212 321 2265 p.
431 2196 465 2261 cf.
486 2195 548 2251 Gal.
567 2195 621 2261 XI,
646 2200 678 2248 76
703 2193 780 2261 (VII,
805 2200 855 2248 719
880 2187 975 2263 ὥσπερ
995 2190 1027 2249 ἐν
1045 2203 1106 2258 τοῖς

85 2259 305 2336 πυρικαύστοις).
379 2272 394 2319 6
410 2266 491 2320 calva
506 2269 511 2334 Ι
527 2264 630 2320 uiolati.
669 2281 748 2318 scara
762 2264 913 2319 ostendunt
925 2282 951 2334 9,
967 2265 1105 2321 calvario·

85 2351 160 2408 latas
180 2335 276 2409 dbraos
296 2354 338 2424 (in
355 2370 440 2422 morp.
455 2351 500 2408 id
518 2355 653 2422 chamaal)
673 2355 724 2408 ost.
740 2370 770 2421 p,
790 2352 916 2424 callvano
934 2353 1002 2408 latis
1021 2355 1105 2409 thara

85 2424 166 2479 ondit
186 2443 206 2480 o.
288 2423 418 2479 varioleti
435 2426 508 2494 quod
525 2426 626 2494 compsi
642 2425 784 2493 respondet
803 2423 904 2478 Gelani
923 2424 1105 2494 phlyctaenis

87 2496 143 2566 (Xl,
162 2499 214 2564 76).
252 2501 277 2550 et
290 2501 328 2550 eat
341 2494 450 2551 variola
467 2497 544 2564 apud
559 2496 687 2550 Marium
700 2495 904 2549 Areaticensem
923 2494 1035 2564 (Oinoa.
1053 2502 1103 2552 oct.

87 2568 134 2622 lat.
163 2570 203 2623 ed.
230 2567 361 2621 Roncalla'
383 2567 421 2634 Il,
449 2573 501 2621 413
531 2583 594 2620 cum
620 2565 757 2636 profluvio
789 2566 895 2620 ventris
920 2568 949 2620 et
976 2567 1104 2638 variola).

87 2643 207 2693 cauteres
235 2639 322 2692 calidi
349 2638 482 2692 dicuntur
509 2643 542 2692 ut
568 2643 689 2692 contem
711 2641 761 2690 ant
784 2637 871 2704 tepidi
893 2643 944 2691 aot
965 2639 1042 2709 ipnei
1064 2641 1109 2714 ccl,

85 2727 171 2795 igniti
199 2727 290 2781 Caelio
319 2726 440 2809 ⁰h'u52.
456 2730 501 2782 16.
529 2731 594 2808 19..
681 2729 705 2807 8Ι
727 2724 834 2794 optima
859 2726 912 2791 (sic
935 2742 981 2796 9ο,
1006 2710 1045 2798 pb
1062 2728 1104 2797 p).

85 2797 130 2852 Ab
146 2841 152 2852 .
168 2842 173 2854 .
189 2815 214 2867 9.
323 2795 1105 2869 ab1n1t10...1nc1perasacpcp(circumprae-

86 2868 170 2952 dictis
185 2911 190 2923 .
207 2911 213 2923 .
229 2911 235 2924 .
251 2867 378 2950 superius
402 2868 512 2950 scripta.
639 2865 838 2948 abstinentiam
862 2868 950 2953 (-tia
973 2873 1017 2939 cp)
1047 2870 1104 2925 sive

85 2943 459 3081 tticiilpinnnt
474 2953 566 3078 lssilt
582 2938 690 3078 lis*
712 2939 1104 3080 laudabit-⁰1⁶2>

85 3102 212 3154 vennam
230 3117 274 3171 pc:
298 3099 396 3154 venter
414 3098 459 3165 (vc
474 3103 483 3165 )
496 3114 528 3167 p.
610 3095 716 3151 acriore
734 3113 765 3166 g:
785 3096 844 3150 -ri
862 3114 904 3167 ep.
988 3106 1020 3154 13
1041 3118 1104 3156 era-

87 3170 210 3224 onandus
230 3188 275 3239 cp:
294 3168 455 3225 vacuandus
473 3185 498 3237 9.
605 3167 697 3236 parvi:
716 3183 804 3236 parvo
822 3185 881 3238 geg).
990 3172 1058 3227 salis
1077 3190 1103 3226 c:

87 3241 145 3295 sale
158 3257 184 3309 9,
205 3242 260 3294 -li
270 3258 301 3310 p.
374 3240 534 3308 diacartug
552 3239 630 3307 (-ts1
644 3254 676 3306 p,
696 3237 818 3292 -ticum
836 3241 870 3308 c).
945 3247 979 3295 14
999 3245 1103 3299 emoto·

86 3311 151 3366 tillo
169 3329 199 3380 9,
224 3310 401 3366 emototilto
415 3327 451 3379 p,
471 3311 592 3364 emmoto
612 3308 677 3363 cillo
696 3324 718 3363 c.
809 3310 932 3379 adpones
950 3329 976 3382 9.
1070 3320 1102 3369 15

87 3383 189 3438 cloran.
204 3399 288 3451 quem
301 3399 326 3437 a.
342 3384 450 3436 emotas
464 3398 489 3450 9,
504 3381 592 3435 doran
605 3397 633 3448 qs
648 3395 672 3435 a.
688 3381 825 3435 emmelos
839 3398 862 3449 c,
882 3382 958 3437 clora
972 3405 992 3452 o
1006 3386 1103 3457 (qnod)

87 3470 112 3507 a.
133 3454 241 3508 einofos
260 3456 340 3522 (corr.
359 3468 411 3523 mg.
431 3453 550 3521 emotos)
566 3468 596 3520 p.
