2318 3788
452 206 693 272 -effi-

69 363 129 401 nou
153 345 244 401 solum
268 375 302 385 -
326 361 424 399 verum
452 345 539 401 etiam

70 419 101 472 01
121 423 164 471 41.
184 423 228 472 48.

52 501 92 544 ex
114 504 168 558 pro
191 488 249 543 eolo
272 487 326 543 061.
351 512 384 533 ==
409 504 472 542 eum
497 489 539 543 ael

69 559 100 613 in
123 559 347 629 saepissimae
373 559 454 615 Plio.
479 561 538 629 eto.)

69 631 113 686 007
150 655 185 676 --
221 646 272 699 per
309 631 471 699 (inserueris
504 647 538 685 ex

69 703 152 757 aceto
167 699 277 756 infusus
288 707 302 755 1
314 702 390 770 (lana
403 719 439 756 ex
451 717 539 770 posca

69 771 165 828 infusa
185 775 239 842 30).
273 788 307 826 ex
329 776 410 827 aceto
431 775 538 827 coctam

72 849 115 900 16.
145 859 180 898 ex
193 859 298 914 sapone
314 843 431 898 fricabis
450 848 475 899 2.
503 860 536 898 ex

71 914 238 970 decoctione
263 914 371 968 lavabis
395 921 411 969 6
437 915 538 983 (deter-

69 1003 137 1056 gere
158 987 213 1055 10).
242 985 434 1055 infrigidanda
451 985 538 1040 facies

70 1074 106 1111 ex
120 1073 195 1126 aqua
210 1062 254 1110 30.
284 1058 429 1126 pulverem
443 1074 477 1112 ex
491 1057 538 1112 ovi

69 1128 168 1183 albore
179 1144 357 1197 conspersum
367 1133 408 1182 16.
432 1144 466 1182 ex
475 1128 538 1198 ipsa

69 1199 170 1253 favilla
200 1216 263 1253 cum
291 1202 371 1254 aceto
400 1201 537 1268 cataplas-

69 1271 162 1325 mabis
196 1276 229 1324 67
262 1273 307 1338 (ex
337 1271 538 1340 palmulis...

70 1341 291 1410 cataplasmabis
319 1348 367 1408 33,
397 1341 537 1411 cataplas-

69 1412 164 1467 mabis
183 1429 257 1482 pane
277 1429 311 1467 ex
329 1429 416 1482 posca
431 1414 450 1468 e'.
465 1430 537 1482 pane

70 1484 368 1610 iiliaffiiwassir
389 1501 430 1609 ἒξ
457 1487 537 1609 {ull

70 1632 116 1682 28.
150 1642 184 1680 ex
208 1625 271 1680 oleo
294 1643 334 1681 ro.
355 1626 476 1680 stillabis
495 1631 537 1680 28.

71 1714 106 1752 ex
130 1701 212 1751 aceto
235 1699 265 1751 et
284 1696 346 1752 oleo
365 1697 539 1752 embrocabis

72 1773 107 1822 65
132 1770 177 1836 (ex
205 1768 276 1822 lauis
304 1767 406 1822 sucidis
431 1768 538 1823 embro-

72 1839 150 1894 cabis
170 1840 224 1907 33).
261 1838 394 1893 mollibus
413 1839 485 1893 lanis
504 1857 538 1894 ex

72 1911 136 1966 oleo
156 1910 249 1964 calido
267 1910 394 1964 membra
411 1909 538 1965 involves

71 1987 108 2036 64
136 1981 276 2050 (lanam
307 1981 475 2035 mundarum
504 1998 538 2036 ex

72 2052 136 2107 oleo
164 2052 365 2107 oamaemelino
388 2052 538 2107 involutio·

44 2141 46 2144 ·
71 2131 138 2178 nem
153 2127 208 2192 65).
236 2123 375 2192 penicillis
390 2123 489 2177 calidis
505 2141 539 2178 ex

71 2194 139 2250 vino
157 2193 307 2263 vaporatis
326 2199 361 2248 29
380 2195 410 2262 (i.
425 2211 446 2249 0.
461 2195 539 2263 peni-

73 2265 147 2320 cillis
162 2282 197 2319 ex
210 2265 276 2320 vino
291 2264 383 2319 calido
393 2265 539 2335 expressis,

72 2337 539 2404 mmmmmmffim

73 2406 260 2478 siringotomo
282 2406 406 2460 fistulam
434 2406 539 2461 nudare

73 2484 117 2533 20.
133 2496 167 2534 ex
176 2479 311 2533 melotide
320 2477 540 2532 ferrearadendo

72 2567 195 2621 purgare
208 2555 250 2604 20.
279 2566 328 2619 per
343 2565 374 2603 os
389 2548 540 2618 depurgari

611 346 695 400 terias
727 345 761 414 ef.
794 346 844 401 sab
877 363 923 413 ex,
958 362 1072 415 semper:

610 416 710 472 exinde
742 417 822 472 dabis
853 417 1032 486 (coclearium
1060 419 1073 472 Ι

610 489 1073 557 ammmmmw

609 559 1073 629 mwmmwmm

611 629 712 684 exinde
726 631 809 685 datur
823 636 866 684 41.
898 631 997 686 exinde
1015 632 1073 687 tro·

611 701 700 756 ciscos
718 701 807 773 finges
827 708 870 756 33.
908 702 1007 757 exinde
1026 719 1074 758 va-

609 772 724 841 porabis
752 779 795 826 42.
838 771 925 828 facies
957 779 1000 827 41.
1031 780 1074 828 66.

609 843 720 897 vultum
730 843 838 899 lavabis
845 849 887 899 73.
894 876 928 884 -
935 845 1035 900 exinde
1041 870 1075 890 =

610 913 711 969 deinde
729 916 807 970 senez
826 920 871 969 61.

593 985 751 1041 exossabis
769 986 932 1056 (palmulas)
951 991 995 1040 48.

592 1055 748 1125 explicare
764 1057 885 1124 (urinam
902 1082 936 1104 =
954 1073 1074 1127 egerere,

610 1127 747 1191 emittere,
768 1128 926 1198 excludere)
945 1133 989 1183 46.

593 1198 764 1268 exprimere
798 1202 845 1267 (ex
871 1200 912 1253 sel
937 1200 1001 1256 add.
1032 1199 1074 1254 007

608 1271 685 1338 om.):
713 1271 832 1340 spongia
858 1269 963 1340 frigida
989 1286 1075 1340 posca

610 1357 739 1410 expressa
758 1346 799 1395 24.
820 1346 862 1395 29.
896 1341 1019 1410 spongiis
1042 1357 1075 1395 ex

610 1428 685 1480 aqua
704 1411 797 1467 aalide
816 1411 953 1481 expressis
973 1418 1015 1468 21.
1030 1415 1074 1467 28.

610 1483 750 1553 penicillis
787 1482 881 1538 calida
918 1501 993 1552 aqua
1028 1499 1074 1537 ex-

609 1554 712 1624 pressis
745 1560 786 1609 34.
822 1560 856 1609 37
893 1557 989 1624 (posca
1020 1557 1074 1623 30).

610 1625 700 1694 penio.
720 1642 754 1680 ex
777 1626 924 1694 colaque
946 1642 1074 1696 expresso

611 1697 915 1766 mmmmm

593 1767 747 1822 extentius
785 1786 848 1822 eum
885 1786 915 1823 se
952 1767 1076 1822 extantia

611 1838 765 1893 ostenderit
784 1843 826 1892 18.
855 1839 890 1906 cf.
911 1845 935 1894 7.
957 1845 998 1892 17.
1031 1855 1076 1893 ex·

610 1910 702 1964 tentia
725 1913 754 1962 et
777 1909 858 1964 dolor
881 1910 1007 1980 (splenis)
1031 1914 1075 1964 43.

611 1983 666 2034 ext.
688 1980 827 2034 viscerum
850 1985 893 2035 44.
928 1980 1076 2035 subalbida

612 2053 641 2106 et
658 2051 723 2105 laxa
742 2050 867 2106 extantia
885 2052 1013 2121 (οἴδημα)
1033 2056 1075 2107 76.
1128 2089 1130 2092 .

610 2122 729 2176 tumoris
739 2123 894 2184 extantiam
906 2128 948 2177 75.
970 2120 1076 2177 tornois

611 2192 738 2247 extantia
761 2191 921 2263 (ὃιόγκωσις
938 2194 1011 2263 Sor.)
1031 2199 1074 2247 77.

593 2276 740 2319 exsecare
781 2264 891 2334 (0007.)
937 2264 1075 2334 paulatim

612 2335 753 2389 exucando
778 2338 814 2404 (o)
835 2337 1075 2391 uansvorenem.

594 2406 728 2462 eeucatio
748 2407 964 2472 (arteriaoam...
978 2403 1076 2476 paula-

611 2477 664 2532 tim
677 2478 728 2531 sub
737 2477 801 2547 ipsa
815 2478 975 2533 esucatione
987 2480 1077 2532 trans

611 2549 776 2617 vorandam)
794 2555 839 2603 33.

72 2638 108 2676 ex
125 2619 262 2675 melotide
281 2626 324 2676 30.
340 2651 372 2658 -
390 2621 455 2689 (pro
468 2621 539 2689 gea.)
594 2619 731 2675 00010110
742 2620 895 2687 (essudatio
904 2621 932 2689 g)
942 2635 1077 2674 venarum

73 2692 155 2748 dabis
181 2709 216 2746 ex
244 2691 305 2761 ipso
333 2707 399 2745 suco
423 2690 539 2745 calicem
613 2696 656 2745 39.

73 2781 162 2819 uuum
181 2767 216 2816 34
236 2765 289 2830 (21.
309 2767 344 2817 46
363 2764 431 2831 010).
594 2761 786 2817 exsurreotic
810 2761 962 2829 (exureetio
981 2764 1005 2831 0)
1033 2766 1075 2815 72.

54 2832 205 2890 exultatio
225 2833 292 2902 (loci
310 2832 453 2903 patientis)
473 2838 516 2887 21.
593 2831 713 2887 fecilior
737 2835 766 2887 et
786 2835 894 2888 sunt..
911 2832 1076 2888 ,curatione

55 2904 221 2961 excludere
240 2904 392 2974 (sudorem)
411 2910 458 2972 66,
478 2903 539 2973 (hu-
613 2906 708 2972 (—nes
731 2905 764 2972 p)
791 2904 889 2959 faciles
915 2919 948 2972 pc
971 2909 1013 2958 26.
1046 2905 1076 2959 01

71 2977 193 3045 morem)
213 2981 262 3046 76,
286 2974 417 3044 (urinam)
437 2981 472 3029 46
492 2979 538 3031 etc.
612 2977 678 3029 sunt
709 2975 860 3030 curationis
892 2974 1016 3028 difficilis
1042 2990 1076 3044 pc

73 3047 198 3104 exclusio
217 3045 364 3116 longaonis
382 3051 425 3101 48.
612 3044 767 3113 (curatione
789 3044 918 3100 difficiles
933 3049 966 3114 p)
985 3046 1022 3101 io.

54 3117 207 3176 exinaniti
227 3120 289 3187 (per
307 3117 417 3171 urinam
436 3133 540 3186 aquoso
594 3116 716 3172 laeuum
730 3134 861 3186 graecum
881 3117 1004 3187 (faenum
1017 3116 1076 3172 Ed.

71 3191 202 3258 humore)
224 3195 265 3243 76.
300 3188 409 3243 inaniet
426 3206 476 3258 per
493 3205 539 3242 ve·
611 3187 728 3256 Dioel.):
748 3186 807 3261 feni
826 3187 902 3258 greci
918 3204 937 3258 9
956 3193 998 3256 21,
1016 3187 1075 3242 feni

73 3258 161 3318 sicam
181 3275 319 3330 aquosum
336 3260 483 3314 humorem
501 3260 538 3314 ie.
612 3259 689 3328 greci
701 3275 720 3328 p
734 3264 768 3313 29
788 3259 838 3328 bie,
856 3260 902 3312 sed
917 3260 1076 3328 plenosque

54 3333 158 3388 exires
189 3348 224 3386 ne
249 3331 335 3386 molle
364 3333 445 3386 exeat
470 3332 540 3400 (em-
611 3331 726 3384 foenum
757 3331 800 3398 (at
825 3332 955 3384 acoetum
980 3347 1004 3398 q.
1028 3330 1075 3398 ef.)

54 3456 56 3460 .
72 3403 223 3474 plastrum)
243 3428 276 3448 =
295 3402 394 3457 evadat
412 3407 454 3456 63.
612 3415 736 3470 grecum*
753 3400 833 3455 foeni
844 3400 928 3468 greci
942 3405 1088 3464 06411.

55 3474 166 3531 exinde
185 3474 258 3544 (pall.
275 3475 320 3544 en)
331 3489 388 3544 pro
404 3489 465 3546 pec.
483 3489 542 3531 ma·
618 3478 666 3529 46.
684 3477 723 3526 42
738 3476 794 3527 tor.
820 3469 906 3524 sarar
918 3466 1113 3526 offlam
